[gd_scene load_steps=10 format=2]

[ext_resource path="res://Assets/Tilesets/highlights.png" type="Texture" id=1]
[ext_resource path="res://Global/cursor.gd" type="Script" id=2]
[ext_resource path="res://Assets/Fonts/font.ttf" type="DynamicFontData" id=3]
[ext_resource path="res://Global/Menus/Buttons/info_button.tscn" type="PackedScene" id=4]
[ext_resource path="res://Global/Menus/Buttons/end_turn_button.tscn" type="PackedScene" id=5]
[ext_resource path="res://Global/Menus/Buttons/settings_button.tscn" type="PackedScene" id=6]
[ext_resource path="res://Global/Menus/Buttons/exit_button.tscn" type="PackedScene" id=7]

[sub_resource type="CanvasItemMaterial" id=2]
light_mode = 1

[sub_resource type="DynamicFont" id=1]
font_data = ExtResource( 3 )

[node name="cursor" type="Sprite"]
material = SubResource( 2 )
texture = ExtResource( 1 )
centered = false
region_enabled = true
region_rect = Rect2( 0, 0, 32, 17 )
script = ExtResource( 2 )

[node name="label" type="Label" parent="."]
use_parent_material = true
margin_right = 32.0
margin_bottom = 14.0
custom_fonts/font = SubResource( 1 )
align = 1

[node name="action_buttons" type="Node2D" parent="."]
use_parent_material = true
z_index = 1

[node name="end_turn_button" parent="action_buttons" instance=ExtResource( 5 )]

[node name="info_button" parent="action_buttons" instance=ExtResource( 4 )]

[node name="settings_button" parent="action_buttons" instance=ExtResource( 6 )]

[node name="exit_button" parent="action_buttons" instance=ExtResource( 7 )]
