[gd_scene load_steps=56 format=2]

[ext_resource path="res://Units/Enemies/enemy_unit.tscn" type="PackedScene" id=1]
[ext_resource path="res://Assets/Enemies/celestial_mage.png" type="Texture" id=2]

[sub_resource type="AtlasTexture" id=53]
atlas = ExtResource( 2 )
region = Rect2( 0, 0, 32, 48 )

[sub_resource type="AtlasTexture" id=52]
atlas = ExtResource( 2 )
region = Rect2( 0, 0, 32, 48 )

[sub_resource type="AtlasTexture" id=1]
atlas = ExtResource( 2 )
region = Rect2( 0, 0, 32, 48 )

[sub_resource type="AtlasTexture" id=2]
atlas = ExtResource( 2 )
region = Rect2( 0, 0, 32, 48 )

[sub_resource type="AtlasTexture" id=3]
atlas = ExtResource( 2 )
region = Rect2( 0, 288, 32, 48 )

[sub_resource type="AtlasTexture" id=4]
atlas = ExtResource( 2 )
region = Rect2( 32, 288, 32, 48 )

[sub_resource type="AtlasTexture" id=5]
atlas = ExtResource( 2 )
region = Rect2( 64, 288, 32, 48 )

[sub_resource type="AtlasTexture" id=6]
atlas = ExtResource( 2 )
region = Rect2( 96, 288, 32, 48 )

[sub_resource type="AtlasTexture" id=7]
atlas = ExtResource( 2 )
region = Rect2( 128, 288, 32, 48 )

[sub_resource type="AtlasTexture" id=8]
atlas = ExtResource( 2 )
region = Rect2( 160, 288, 32, 48 )

[sub_resource type="AtlasTexture" id=9]
atlas = ExtResource( 2 )
region = Rect2( 192, 288, 32, 48 )

[sub_resource type="AtlasTexture" id=10]
atlas = ExtResource( 2 )
region = Rect2( 224, 288, 32, 48 )

[sub_resource type="AtlasTexture" id=11]
atlas = ExtResource( 2 )
region = Rect2( 0, 144, 32, 48 )

[sub_resource type="AtlasTexture" id=12]
atlas = ExtResource( 2 )
region = Rect2( 32, 144, 32, 48 )

[sub_resource type="AtlasTexture" id=13]
atlas = ExtResource( 2 )
region = Rect2( 64, 144, 32, 48 )

[sub_resource type="AtlasTexture" id=14]
atlas = ExtResource( 2 )
region = Rect2( 96, 144, 32, 48 )

[sub_resource type="AtlasTexture" id=15]
atlas = ExtResource( 2 )
region = Rect2( 128, 144, 32, 48 )

[sub_resource type="AtlasTexture" id=16]
atlas = ExtResource( 2 )
region = Rect2( 160, 144, 32, 48 )

[sub_resource type="AtlasTexture" id=17]
atlas = ExtResource( 2 )
region = Rect2( 192, 144, 32, 48 )

[sub_resource type="AtlasTexture" id=18]
atlas = ExtResource( 2 )
region = Rect2( 224, 144, 32, 48 )

[sub_resource type="AtlasTexture" id=19]
atlas = ExtResource( 2 )
region = Rect2( 0, 192, 32, 48 )

[sub_resource type="AtlasTexture" id=20]
atlas = ExtResource( 2 )
region = Rect2( 32, 192, 32, 48 )

[sub_resource type="AtlasTexture" id=21]
atlas = ExtResource( 2 )
region = Rect2( 64, 192, 32, 48 )

[sub_resource type="AtlasTexture" id=22]
atlas = ExtResource( 2 )
region = Rect2( 96, 192, 32, 48 )

[sub_resource type="AtlasTexture" id=23]
atlas = ExtResource( 2 )
region = Rect2( 128, 192, 32, 48 )

[sub_resource type="AtlasTexture" id=24]
atlas = ExtResource( 2 )
region = Rect2( 160, 192, 32, 48 )

[sub_resource type="AtlasTexture" id=25]
atlas = ExtResource( 2 )
region = Rect2( 192, 192, 32, 48 )

[sub_resource type="AtlasTexture" id=26]
atlas = ExtResource( 2 )
region = Rect2( 224, 192, 32, 48 )

[sub_resource type="AtlasTexture" id=27]
atlas = ExtResource( 2 )
region = Rect2( 0, 240, 32, 48 )

[sub_resource type="AtlasTexture" id=28]
atlas = ExtResource( 2 )
region = Rect2( 32, 240, 32, 48 )

[sub_resource type="AtlasTexture" id=29]
atlas = ExtResource( 2 )
region = Rect2( 64, 240, 32, 48 )

[sub_resource type="AtlasTexture" id=30]
atlas = ExtResource( 2 )
region = Rect2( 96, 240, 32, 48 )

[sub_resource type="AtlasTexture" id=31]
atlas = ExtResource( 2 )
region = Rect2( 128, 240, 32, 48 )

[sub_resource type="AtlasTexture" id=32]
atlas = ExtResource( 2 )
region = Rect2( 160, 240, 32, 48 )

[sub_resource type="AtlasTexture" id=33]
atlas = ExtResource( 2 )
region = Rect2( 192, 240, 32, 48 )

[sub_resource type="AtlasTexture" id=34]
atlas = ExtResource( 2 )
region = Rect2( 224, 240, 32, 48 )

[sub_resource type="AtlasTexture" id=35]
atlas = ExtResource( 2 )
region = Rect2( 0, 48, 32, 48 )

[sub_resource type="AtlasTexture" id=36]
atlas = ExtResource( 2 )
region = Rect2( 32, 48, 32, 48 )

[sub_resource type="AtlasTexture" id=37]
atlas = ExtResource( 2 )
region = Rect2( 64, 48, 32, 48 )

[sub_resource type="AtlasTexture" id=38]
atlas = ExtResource( 2 )
region = Rect2( 96, 48, 32, 48 )

[sub_resource type="AtlasTexture" id=39]
atlas = ExtResource( 2 )
region = Rect2( 128, 48, 32, 48 )

[sub_resource type="AtlasTexture" id=40]
atlas = ExtResource( 2 )
region = Rect2( 160, 48, 32, 48 )

[sub_resource type="AtlasTexture" id=41]
atlas = ExtResource( 2 )
region = Rect2( 192, 48, 32, 48 )

[sub_resource type="AtlasTexture" id=42]
atlas = ExtResource( 2 )
region = Rect2( 224, 48, 32, 48 )

[sub_resource type="AtlasTexture" id=43]
atlas = ExtResource( 2 )
region = Rect2( 0, 96, 32, 48 )

[sub_resource type="AtlasTexture" id=44]
atlas = ExtResource( 2 )
region = Rect2( 32, 96, 32, 48 )

[sub_resource type="AtlasTexture" id=45]
atlas = ExtResource( 2 )
region = Rect2( 64, 96, 32, 48 )

[sub_resource type="AtlasTexture" id=46]
atlas = ExtResource( 2 )
region = Rect2( 96, 96, 32, 48 )

[sub_resource type="AtlasTexture" id=47]
atlas = ExtResource( 2 )
region = Rect2( 128, 96, 32, 48 )

[sub_resource type="AtlasTexture" id=48]
atlas = ExtResource( 2 )
region = Rect2( 160, 96, 32, 48 )

[sub_resource type="AtlasTexture" id=49]
atlas = ExtResource( 2 )
region = Rect2( 192, 96, 32, 48 )

[sub_resource type="AtlasTexture" id=50]
atlas = ExtResource( 2 )
region = Rect2( 224, 96, 32, 48 )

[sub_resource type="SpriteFrames" id=51]
animations = [ {
"frames": [ SubResource( 53 ) ],
"loop": true,
"name": "attack",
"speed": 5.0
}, {
"frames": [ SubResource( 52 ) ],
"loop": true,
"name": "cast",
"speed": 5.0
}, {
"frames": [ SubResource( 1 ) ],
"loop": true,
"name": "freeze",
"speed": 5.0
}, {
"frames": [ SubResource( 2 ) ],
"loop": true,
"name": "idle",
"speed": 5.0
}, {
"frames": [ SubResource( 3 ), SubResource( 4 ), SubResource( 5 ), SubResource( 6 ), SubResource( 7 ), SubResource( 8 ), SubResource( 9 ), SubResource( 10 ) ],
"loop": true,
"name": "run_n",
"speed": 12.0
}, {
"frames": [ SubResource( 11 ), SubResource( 12 ), SubResource( 13 ), SubResource( 14 ), SubResource( 15 ), SubResource( 16 ), SubResource( 17 ), SubResource( 18 ) ],
"loop": true,
"name": "run_ne",
"speed": 12.0
}, {
"frames": [ SubResource( 19 ), SubResource( 20 ), SubResource( 21 ), SubResource( 22 ), SubResource( 23 ), SubResource( 24 ), SubResource( 25 ), SubResource( 26 ) ],
"loop": true,
"name": "run_nw",
"speed": 12.0
}, {
"frames": [ SubResource( 27 ), SubResource( 28 ), SubResource( 29 ), SubResource( 30 ), SubResource( 31 ), SubResource( 32 ), SubResource( 33 ), SubResource( 34 ) ],
"loop": true,
"name": "run_s",
"speed": 12.0
}, {
"frames": [ SubResource( 35 ), SubResource( 36 ), SubResource( 37 ), SubResource( 38 ), SubResource( 39 ), SubResource( 40 ), SubResource( 41 ), SubResource( 42 ) ],
"loop": true,
"name": "run_se",
"speed": 12.0
}, {
"frames": [ SubResource( 43 ), SubResource( 44 ), SubResource( 45 ), SubResource( 46 ), SubResource( 47 ), SubResource( 48 ), SubResource( 49 ), SubResource( 50 ) ],
"loop": true,
"name": "run_sw",
"speed": 12.0
} ]

[node name="root_celestial_mage" instance=ExtResource( 1 )]
aggro_area = NodePath("")

[node name="sprite" parent="." index="0"]
frames = SubResource( 51 )
animation = "freeze"
