[gd_scene load_steps=61 format=2]

[ext_resource path="res://Assets/Enemies/phrank.png" type="Texture" id=1]
[ext_resource path="res://Units/Enemies/trafficker.tscn" type="PackedScene" id=3]

[sub_resource type="AtlasTexture" id=60]
atlas = ExtResource( 1 )
region = Rect2( 0, 0, 32, 48 )

[sub_resource type="AtlasTexture" id=3]
atlas = ExtResource( 1 )
region = Rect2( 0, 0, 32, 48 )

[sub_resource type="AtlasTexture" id=4]
atlas = ExtResource( 1 )
region = Rect2( 32, 0, 32, 48 )

[sub_resource type="AtlasTexture" id=5]
atlas = ExtResource( 1 )
region = Rect2( 64, 0, 32, 48 )

[sub_resource type="AtlasTexture" id=6]
atlas = ExtResource( 1 )
region = Rect2( 96, 0, 32, 48 )

[sub_resource type="AtlasTexture" id=7]
atlas = ExtResource( 1 )
region = Rect2( 128, 0, 32, 48 )

[sub_resource type="AtlasTexture" id=8]
atlas = ExtResource( 1 )
region = Rect2( 160, 0, 32, 48 )

[sub_resource type="AtlasTexture" id=9]
atlas = ExtResource( 1 )
region = Rect2( 192, 0, 32, 48 )

[sub_resource type="AtlasTexture" id=10]
atlas = ExtResource( 1 )
region = Rect2( 224, 0, 32, 48 )

[sub_resource type="AtlasTexture" id=61]
atlas = ExtResource( 1 )
region = Rect2( 0, 288, 32, 48 )

[sub_resource type="AtlasTexture" id=62]
atlas = ExtResource( 1 )
region = Rect2( 32, 288, 32, 48 )

[sub_resource type="AtlasTexture" id=63]
atlas = ExtResource( 1 )
region = Rect2( 64, 288, 32, 48 )

[sub_resource type="AtlasTexture" id=64]
atlas = ExtResource( 1 )
region = Rect2( 96, 288, 32, 48 )

[sub_resource type="AtlasTexture" id=65]
atlas = ExtResource( 1 )
region = Rect2( 128, 288, 32, 48 )

[sub_resource type="AtlasTexture" id=66]
atlas = ExtResource( 1 )
region = Rect2( 160, 288, 32, 48 )

[sub_resource type="AtlasTexture" id=67]
atlas = ExtResource( 1 )
region = Rect2( 192, 288, 32, 48 )

[sub_resource type="AtlasTexture" id=68]
atlas = ExtResource( 1 )
region = Rect2( 224, 288, 32, 48 )

[sub_resource type="AtlasTexture" id=69]
atlas = ExtResource( 1 )
region = Rect2( 0, 144, 32, 48 )

[sub_resource type="AtlasTexture" id=70]
atlas = ExtResource( 1 )
region = Rect2( 32, 144, 32, 48 )

[sub_resource type="AtlasTexture" id=71]
atlas = ExtResource( 1 )
region = Rect2( 64, 144, 32, 48 )

[sub_resource type="AtlasTexture" id=72]
atlas = ExtResource( 1 )
region = Rect2( 96, 144, 32, 48 )

[sub_resource type="AtlasTexture" id=73]
atlas = ExtResource( 1 )
region = Rect2( 128, 144, 32, 48 )

[sub_resource type="AtlasTexture" id=74]
atlas = ExtResource( 1 )
region = Rect2( 160, 144, 32, 48 )

[sub_resource type="AtlasTexture" id=75]
atlas = ExtResource( 1 )
region = Rect2( 192, 144, 32, 48 )

[sub_resource type="AtlasTexture" id=76]
atlas = ExtResource( 1 )
region = Rect2( 224, 144, 32, 48 )

[sub_resource type="AtlasTexture" id=77]
atlas = ExtResource( 1 )
region = Rect2( 0, 192, 32, 48 )

[sub_resource type="AtlasTexture" id=78]
atlas = ExtResource( 1 )
region = Rect2( 32, 192, 32, 48 )

[sub_resource type="AtlasTexture" id=79]
atlas = ExtResource( 1 )
region = Rect2( 64, 192, 32, 48 )

[sub_resource type="AtlasTexture" id=80]
atlas = ExtResource( 1 )
region = Rect2( 96, 192, 32, 48 )

[sub_resource type="AtlasTexture" id=81]
atlas = ExtResource( 1 )
region = Rect2( 128, 192, 32, 48 )

[sub_resource type="AtlasTexture" id=82]
atlas = ExtResource( 1 )
region = Rect2( 160, 192, 32, 48 )

[sub_resource type="AtlasTexture" id=83]
atlas = ExtResource( 1 )
region = Rect2( 192, 192, 32, 48 )

[sub_resource type="AtlasTexture" id=84]
atlas = ExtResource( 1 )
region = Rect2( 224, 192, 32, 48 )

[sub_resource type="AtlasTexture" id=85]
atlas = ExtResource( 1 )
region = Rect2( 0, 240, 32, 48 )

[sub_resource type="AtlasTexture" id=86]
atlas = ExtResource( 1 )
region = Rect2( 32, 240, 32, 48 )

[sub_resource type="AtlasTexture" id=87]
atlas = ExtResource( 1 )
region = Rect2( 64, 240, 32, 48 )

[sub_resource type="AtlasTexture" id=88]
atlas = ExtResource( 1 )
region = Rect2( 96, 240, 32, 48 )

[sub_resource type="AtlasTexture" id=89]
atlas = ExtResource( 1 )
region = Rect2( 128, 240, 32, 48 )

[sub_resource type="AtlasTexture" id=90]
atlas = ExtResource( 1 )
region = Rect2( 160, 240, 32, 48 )

[sub_resource type="AtlasTexture" id=91]
atlas = ExtResource( 1 )
region = Rect2( 192, 240, 32, 48 )

[sub_resource type="AtlasTexture" id=92]
atlas = ExtResource( 1 )
region = Rect2( 224, 240, 32, 48 )

[sub_resource type="AtlasTexture" id=93]
atlas = ExtResource( 1 )
region = Rect2( 0, 48, 32, 48 )

[sub_resource type="AtlasTexture" id=94]
atlas = ExtResource( 1 )
region = Rect2( 32, 48, 32, 48 )

[sub_resource type="AtlasTexture" id=95]
atlas = ExtResource( 1 )
region = Rect2( 64, 48, 32, 48 )

[sub_resource type="AtlasTexture" id=96]
atlas = ExtResource( 1 )
region = Rect2( 96, 48, 32, 48 )

[sub_resource type="AtlasTexture" id=97]
atlas = ExtResource( 1 )
region = Rect2( 128, 48, 32, 48 )

[sub_resource type="AtlasTexture" id=98]
atlas = ExtResource( 1 )
region = Rect2( 160, 48, 32, 48 )

[sub_resource type="AtlasTexture" id=99]
atlas = ExtResource( 1 )
region = Rect2( 192, 48, 32, 48 )

[sub_resource type="AtlasTexture" id=100]
atlas = ExtResource( 1 )
region = Rect2( 224, 48, 32, 48 )

[sub_resource type="AtlasTexture" id=101]
atlas = ExtResource( 1 )
region = Rect2( 0, 96, 32, 48 )

[sub_resource type="AtlasTexture" id=102]
atlas = ExtResource( 1 )
region = Rect2( 32, 96, 32, 48 )

[sub_resource type="AtlasTexture" id=103]
atlas = ExtResource( 1 )
region = Rect2( 64, 96, 32, 48 )

[sub_resource type="AtlasTexture" id=104]
atlas = ExtResource( 1 )
region = Rect2( 96, 96, 32, 48 )

[sub_resource type="AtlasTexture" id=105]
atlas = ExtResource( 1 )
region = Rect2( 128, 96, 32, 48 )

[sub_resource type="AtlasTexture" id=106]
atlas = ExtResource( 1 )
region = Rect2( 160, 96, 32, 48 )

[sub_resource type="AtlasTexture" id=107]
atlas = ExtResource( 1 )
region = Rect2( 192, 96, 32, 48 )

[sub_resource type="AtlasTexture" id=108]
atlas = ExtResource( 1 )
region = Rect2( 224, 96, 32, 48 )

[sub_resource type="SpriteFrames" id=59]
animations = [ {
"frames": [  ],
"loop": true,
"name": "attack",
"speed": 5.0
}, {
"frames": [ SubResource( 60 ) ],
"loop": true,
"name": "freeze",
"speed": 5.0
}, {
"frames": [ SubResource( 3 ), SubResource( 4 ), SubResource( 5 ), SubResource( 6 ), SubResource( 7 ), SubResource( 8 ), SubResource( 9 ), SubResource( 10 ) ],
"loop": true,
"name": "idle",
"speed": 8.0
}, {
"frames": [ SubResource( 61 ), SubResource( 62 ), SubResource( 63 ), SubResource( 64 ), SubResource( 65 ), SubResource( 66 ), SubResource( 67 ), SubResource( 68 ) ],
"loop": true,
"name": "run_n",
"speed": 12.0
}, {
"frames": [ SubResource( 69 ), SubResource( 70 ), SubResource( 71 ), SubResource( 72 ), SubResource( 73 ), SubResource( 74 ), SubResource( 75 ), SubResource( 76 ) ],
"loop": true,
"name": "run_ne",
"speed": 12.0
}, {
"frames": [ SubResource( 77 ), SubResource( 78 ), SubResource( 79 ), SubResource( 80 ), SubResource( 81 ), SubResource( 82 ), SubResource( 83 ), SubResource( 84 ) ],
"loop": true,
"name": "run_nw",
"speed": 12.0
}, {
"frames": [ SubResource( 85 ), SubResource( 86 ), SubResource( 87 ), SubResource( 88 ), SubResource( 89 ), SubResource( 90 ), SubResource( 91 ), SubResource( 92 ) ],
"loop": true,
"name": "run_s",
"speed": 12.0
}, {
"frames": [ SubResource( 93 ), SubResource( 94 ), SubResource( 95 ), SubResource( 96 ), SubResource( 97 ), SubResource( 98 ), SubResource( 99 ), SubResource( 100 ) ],
"loop": true,
"name": "run_se",
"speed": 12.0
}, {
"frames": [ SubResource( 101 ), SubResource( 102 ), SubResource( 103 ), SubResource( 104 ), SubResource( 105 ), SubResource( 106 ), SubResource( 107 ), SubResource( 108 ) ],
"loop": true,
"name": "run_sw",
"speed": 12.0
} ]

[node name="root_phrank" instance=ExtResource( 3 )]
aggro_area = NodePath("")

[node name="sprite" parent="." index="0"]
frames = SubResource( 59 )
animation = "freeze"
