[gd_scene load_steps=10 format=2]

[ext_resource path="res://Global/Menus/CharacterMenus/EquipmentMenu/equipment_popup.gd" type="Script" id=1]
[ext_resource path="res://Assets/Fonts/font.ttf" type="DynamicFontData" id=2]
[ext_resource path="res://Assets/GUI/menu_paper_small.png" type="Texture" id=3]
[ext_resource path="res://Assets/GUI/menu_inventory_hover_bar.png" type="Texture" id=4]
[ext_resource path="res://Assets/GUI/menu_collapse_icon.png" type="Texture" id=5]
[ext_resource path="res://Assets/GUI/menu_collapse_hover_icon.png" type="Texture" id=6]
[ext_resource path="res://Assets/GUI/menu_paper_small_unequip.png" type="Texture" id=7]

[sub_resource type="DynamicFont" id=1]
font_data = ExtResource( 2 )

[sub_resource type="DynamicFont" id=2]
font_data = ExtResource( 2 )

[node name="root_equipment_popup" type="Node2D"]
script = ExtResource( 1 )

[node name="paper" type="Sprite" parent="."]
texture = ExtResource( 3 )
centered = false

[node name="name" type="Label" parent="."]
margin_left = 13.0
margin_top = 6.0
margin_right = 39.0
margin_bottom = 20.0
custom_colors/font_color = Color( 0, 0, 0, 1 )
custom_fonts/font = SubResource( 1 )
text = "Name"

[node name="type" type="Label" parent="."]
margin_left = 13.0
margin_top = 21.0
margin_right = 39.0
margin_bottom = 35.0
custom_colors/font_color = Color( 0, 0, 0, 1 )
custom_fonts/font = SubResource( 1 )
text = "Type"

[node name="description" type="RichTextLabel" parent="."]
margin_left = 13.0
margin_top = 37.0
margin_right = 136.0
margin_bottom = 107.0
custom_colors/default_color = Color( 0, 0, 0, 1 )
custom_constants/line_separation = -2
custom_fonts/normal_font = SubResource( 2 )
text = "Description"

[node name="unequip_button" type="Node2D" parent="."]
position = Vector2( 91, 112 )
__meta__ = {
"_edit_group_": true
}

[node name="bg" type="Sprite" parent="unequip_button"]
texture = ExtResource( 7 )
centered = false

[node name="label" type="Label" parent="unequip_button"]
margin_left = 3.0
margin_top = -1.0
margin_right = 43.0
margin_bottom = 13.0
custom_colors/font_color = Color( 0, 0, 0, 1 )
custom_fonts/font = SubResource( 1 )
text = "Unequip"

[node name="unequip_button" type="TextureButton" parent="unequip_button"]
margin_right = 88.0
margin_bottom = 11.0
rect_scale = Vector2( 0.511, 1.272 )
texture_hover = ExtResource( 4 )

[node name="collapse_button" type="Node2D" parent="."]
position = Vector2( 11, 113 )
__meta__ = {
"_edit_group_": true
}

[node name="collapse_button" type="TextureButton" parent="collapse_button"]
margin_left = -1.0
margin_right = 11.0
margin_bottom = 13.0
texture_normal = ExtResource( 5 )
texture_hover = ExtResource( 6 )

[connection signal="pressed" from="unequip_button/unequip_button" to="." method="_on_unequip_button_pressed"]
[connection signal="pressed" from="collapse_button/collapse_button" to="." method="_on_collapse_button_pressed"]
