[gd_scene load_steps=7 format=2]

[ext_resource path="res://Global/Levels/level.tscn" type="PackedScene" id=1]
[ext_resource path="res://Global/Tiles/wood_cell.tscn" type="PackedScene" id=2]
[ext_resource path="res://Global/Tiles/Obstacles/wall.tscn" type="PackedScene" id=3]
[ext_resource path="res://Global/Tiles/Obstacles/door.tscn" type="PackedScene" id=4]
[ext_resource path="res://Global/Tiles/Obstacles/couch.tscn" type="PackedScene" id=5]
[ext_resource path="res://Units/Characters/grace_casual.tscn" type="PackedScene" id=7]

[node name="root_home" instance=ExtResource( 1 )]

[node name="root_wood_cell" parent="hex_grid" index="0" instance=ExtResource( 2 )]
position = Vector2( 23, 24 )

[node name="root_wood_cell2" parent="hex_grid" index="1" instance=ExtResource( 2 )]
position = Vector2( 23, 40 )

[node name="root_wood_cell6" parent="hex_grid" index="2" instance=ExtResource( 2 )]
position = Vector2( 23, 56 )

[node name="root_wood_cell7" parent="hex_grid" index="3" instance=ExtResource( 2 )]
position = Vector2( 46, 48 )

[node name="root_wood_cell3" parent="hex_grid" index="4" instance=ExtResource( 2 )]
position = Vector2( 46, 32 )

[node name="root_wood_cell4" parent="hex_grid" index="5" instance=ExtResource( 2 )]
position = Vector2( 46, 16 )

[node name="root_wood_cell5" parent="hex_grid" index="6" instance=ExtResource( 2 )]
position = Vector2( 69, 24 )

[node name="root_wood_cell9" parent="hex_grid" index="7" instance=ExtResource( 2 )]
position = Vector2( 69, 40 )

[node name="root_wood_cell8" parent="hex_grid" index="8" instance=ExtResource( 2 )]
position = Vector2( 92, 16 )

[node name="root_wood_cell11" parent="hex_grid" index="9" instance=ExtResource( 2 )]
position = Vector2( 92, 32 )

[node name="root_wood_cell19" parent="hex_grid" index="10" instance=ExtResource( 2 )]
position = Vector2( 115, 24 )

[node name="root_wood_cell10" parent="hex_grid" index="11" instance=ExtResource( 2 )]
position = Vector2( 138, 16 )

[node name="root_wood_cell12" parent="hex_grid" index="12" instance=ExtResource( 2 )]
position = Vector2( 184, 16 )

[node name="root_wood_cell33" parent="hex_grid" index="13" instance=ExtResource( 2 )]
position = Vector2( 161, 24 )

[node name="root_wood_cell102" parent="hex_grid" index="14" instance=ExtResource( 2 )]
position = Vector2( 184, 32 )

[node name="root_wood_cell103" parent="hex_grid" index="15" instance=ExtResource( 2 )]
position = Vector2( 207, 40 )

[node name="root_wood_cell104" parent="hex_grid" index="16" instance=ExtResource( 2 )]
position = Vector2( 230, 48 )

[node name="root_wood_cell105" parent="hex_grid" index="17" instance=ExtResource( 2 )]
position = Vector2( 253, 56 )

[node name="root_wood_cell106" parent="hex_grid" index="18" instance=ExtResource( 2 )]
position = Vector2( 276, 64 )

[node name="root_wood_cell13" parent="hex_grid" index="19" instance=ExtResource( 2 )]
position = Vector2( 207, 24 )

[node name="root_wood_cell14" parent="hex_grid" index="20" instance=ExtResource( 2 )]
position = Vector2( 230, 16 )

[node name="root_wood_cell15" parent="hex_grid" index="21" instance=ExtResource( 2 )]
position = Vector2( 253, 24 )

[node name="root_wood_cell16" parent="hex_grid" index="22" instance=ExtResource( 2 )]
position = Vector2( 276, 16 )

[node name="root_wood_cell17" parent="hex_grid" index="23" instance=ExtResource( 2 )]
position = Vector2( 276, 32 )

[node name="root_wood_cell18" parent="hex_grid" index="24" instance=ExtResource( 2 )]
position = Vector2( 276, 48 )

[node name="root_wood_cell20" parent="hex_grid" index="25" instance=ExtResource( 2 )]
position = Vector2( 276, 80 )

[node name="root_wood_cell21" parent="hex_grid" index="26" instance=ExtResource( 2 )]
position = Vector2( 276, 96 )

[node name="root_wood_cell22" parent="hex_grid" index="27" instance=ExtResource( 2 )]
position = Vector2( 276, 112 )

[node name="root_wood_cell23" parent="hex_grid" index="28" instance=ExtResource( 2 )]
position = Vector2( 276, 128 )

[node name="root_wood_cell24" parent="hex_grid" index="29" instance=ExtResource( 2 )]
position = Vector2( 253, 136 )

[node name="root_wood_cell25" parent="hex_grid" index="30" instance=ExtResource( 2 )]
position = Vector2( 230, 128 )

[node name="root_wood_cell26" parent="hex_grid" index="31" instance=ExtResource( 2 )]
position = Vector2( 207, 136 )

[node name="root_wood_cell27" parent="hex_grid" index="32" instance=ExtResource( 2 )]
position = Vector2( 184, 128 )

[node name="root_wood_cell28" parent="hex_grid" index="33" instance=ExtResource( 2 )]
position = Vector2( 161, 136 )

[node name="root_wood_cell29" parent="hex_grid" index="34" instance=ExtResource( 2 )]
position = Vector2( 138, 128 )

[node name="root_wood_cell30" parent="hex_grid" index="35" instance=ExtResource( 2 )]
position = Vector2( 115, 136 )

[node name="root_wood_cell32" parent="hex_grid" index="36" instance=ExtResource( 2 )]
position = Vector2( 69, 136 )

[node name="root_wood_cell31" parent="hex_grid" index="37" instance=ExtResource( 2 )]
position = Vector2( 92, 128 )

[node name="root_wood_cell34" parent="hex_grid" index="38" instance=ExtResource( 2 )]
position = Vector2( 23, 136 )

[node name="root_wood_cell107" parent="hex_grid" index="39" instance=ExtResource( 2 )]
position = Vector2( 23, 120 )

[node name="root_wood_cell108" parent="hex_grid" index="40" instance=ExtResource( 2 )]
position = Vector2( 46, 128 )

[node name="root_wood_cell35" parent="hex_grid" index="41" instance=ExtResource( 2 )]
position = Vector2( 23, 152 )

[node name="root_wood_cell39" parent="hex_grid" index="42" instance=ExtResource( 2 )]
position = Vector2( 46, 144 )

[node name="root_wood_cell49" parent="hex_grid" index="43" instance=ExtResource( 2 )]
position = Vector2( 69, 152 )

[node name="root_wood_cell54" parent="hex_grid" index="44" instance=ExtResource( 2 )]
position = Vector2( 92, 144 )

[node name="root_wood_cell57" parent="hex_grid" index="45" instance=ExtResource( 2 )]
position = Vector2( 115, 152 )

[node name="root_wood_cell58" parent="hex_grid" index="46" instance=ExtResource( 2 )]
position = Vector2( 138, 144 )

[node name="root_wood_cell59" parent="hex_grid" index="47" instance=ExtResource( 2 )]
position = Vector2( 161, 152 )

[node name="root_wood_cell97" parent="hex_grid" index="48" instance=ExtResource( 2 )]
position = Vector2( 184, 144 )

[node name="root_wood_cell98" parent="hex_grid" index="49" instance=ExtResource( 2 )]
position = Vector2( 207, 152 )

[node name="root_wood_cell99" parent="hex_grid" index="50" instance=ExtResource( 2 )]
position = Vector2( 230, 144 )

[node name="root_wood_cell100" parent="hex_grid" index="51" instance=ExtResource( 2 )]
position = Vector2( 253, 152 )

[node name="root_wood_cell101" parent="hex_grid" index="52" instance=ExtResource( 2 )]
position = Vector2( 276, 144 )

[node name="root_wood_cell36" parent="hex_grid" index="53" instance=ExtResource( 2 )]
position = Vector2( 23, 104 )

[node name="root_wood_cell37" parent="hex_grid" index="54" instance=ExtResource( 2 )]
position = Vector2( 23, 88 )

[node name="root_wood_cell38" parent="hex_grid" index="55" instance=ExtResource( 2 )]
position = Vector2( 23, 72 )

[node name="root_wood_cell40" parent="hex_grid" index="56" instance=ExtResource( 2 )]
position = Vector2( 46, 64 )

[node name="root_wood_cell41" parent="hex_grid" index="57" instance=ExtResource( 2 )]
position = Vector2( 46, 80 )

[node name="root_wood_cell42" parent="hex_grid" index="58" instance=ExtResource( 2 )]
position = Vector2( 46, 96 )

[node name="root_wood_cell43" parent="hex_grid" index="59" instance=ExtResource( 2 )]
position = Vector2( 46, 112 )

[node name="root_wood_cell44" parent="hex_grid" index="60" instance=ExtResource( 2 )]
position = Vector2( 69, 104 )

[node name="root_wood_cell45" parent="hex_grid" index="61" instance=ExtResource( 2 )]
position = Vector2( 69, 88 )

[node name="root_wood_cell46" parent="hex_grid" index="62" instance=ExtResource( 2 )]
position = Vector2( 69, 72 )

[node name="root_wood_cell47" parent="hex_grid" index="63" instance=ExtResource( 2 )]
position = Vector2( 69, 56 )

[node name="root_wood_cell48" parent="hex_grid" index="64" instance=ExtResource( 2 )]
position = Vector2( 92, 48 )

[node name="root_wood_cell50" parent="hex_grid" index="65" instance=ExtResource( 2 )]
position = Vector2( 115, 40 )

[node name="root_wood_cell51" parent="hex_grid" index="66" instance=ExtResource( 2 )]
position = Vector2( 138, 48 )

[node name="root_wood_cell52" parent="hex_grid" index="67" instance=ExtResource( 2 )]
position = Vector2( 161, 40 )

[node name="root_wood_cell53" parent="hex_grid" index="68" instance=ExtResource( 2 )]
position = Vector2( 184, 48 )

[node name="root_wood_cell55" parent="hex_grid" index="69" instance=ExtResource( 2 )]
position = Vector2( 230, 32 )

[node name="root_wood_cell56" parent="hex_grid" index="70" instance=ExtResource( 2 )]
position = Vector2( 253, 40 )

[node name="root_wood_cell60" parent="hex_grid" index="71" instance=ExtResource( 2 )]
position = Vector2( 138, 32 )

[node name="root_wood_cell61" parent="hex_grid" index="72" instance=ExtResource( 2 )]
position = Vector2( 115, 56 )

[node name="root_wood_cell62" parent="hex_grid" index="73" instance=ExtResource( 2 )]
position = Vector2( 92, 64 )

[node name="root_wood_cell63" parent="hex_grid" index="74" instance=ExtResource( 2 )]
position = Vector2( 115, 72 )

[node name="root_wood_cell64" parent="hex_grid" index="75" instance=ExtResource( 2 )]
position = Vector2( 138, 80 )

[node name="root_wood_cell65" parent="hex_grid" index="76" instance=ExtResource( 2 )]
position = Vector2( 161, 88 )

[node name="root_wood_cell66" parent="hex_grid" index="77" instance=ExtResource( 2 )]
position = Vector2( 184, 96 )

[node name="root_wood_cell67" parent="hex_grid" index="78" instance=ExtResource( 2 )]
position = Vector2( 207, 104 )

[node name="root_wood_cell68" parent="hex_grid" index="79" instance=ExtResource( 2 )]
position = Vector2( 230, 112 )

[node name="root_wood_cell69" parent="hex_grid" index="80" instance=ExtResource( 2 )]
position = Vector2( 253, 104 )

[node name="root_wood_cell70" parent="hex_grid" index="81" instance=ExtResource( 2 )]
position = Vector2( 230, 96 )

[node name="root_wood_cell71" parent="hex_grid" index="82" instance=ExtResource( 2 )]
position = Vector2( 253, 88 )

[node name="root_wood_cell72" parent="hex_grid" index="83" instance=ExtResource( 2 )]
position = Vector2( 230, 80 )

[node name="root_wood_cell73" parent="hex_grid" index="84" instance=ExtResource( 2 )]
position = Vector2( 253, 72 )

[node name="root_wood_cell74" parent="hex_grid" index="85" instance=ExtResource( 2 )]
position = Vector2( 230, 64 )

[node name="root_wood_cell75" parent="hex_grid" index="86" instance=ExtResource( 2 )]
position = Vector2( 207, 56 )

[node name="root_wood_cell76" parent="hex_grid" index="87" instance=ExtResource( 2 )]
position = Vector2( 184, 64 )

[node name="root_wood_cell77" parent="hex_grid" index="88" instance=ExtResource( 2 )]
position = Vector2( 161, 56 )

[node name="root_wood_cell78" parent="hex_grid" index="89" instance=ExtResource( 2 )]
position = Vector2( 138, 64 )

[node name="root_wood_cell79" parent="hex_grid" index="90" instance=ExtResource( 2 )]
position = Vector2( 161, 72 )

[node name="root_wood_cell80" parent="hex_grid" index="91" instance=ExtResource( 2 )]
position = Vector2( 184, 80 )

[node name="root_wood_cell81" parent="hex_grid" index="92" instance=ExtResource( 2 )]
position = Vector2( 207, 72 )

[node name="root_wood_cell82" parent="hex_grid" index="93" instance=ExtResource( 2 )]
position = Vector2( 207, 88 )

[node name="root_wood_cell83" parent="hex_grid" index="94" instance=ExtResource( 2 )]
position = Vector2( 253, 120 )

[node name="root_wood_cell84" parent="hex_grid" index="95" instance=ExtResource( 2 )]
position = Vector2( 207, 120 )

[node name="root_wood_cell85" parent="hex_grid" index="96" instance=ExtResource( 2 )]
position = Vector2( 184, 112 )

[node name="root_wood_cell86" parent="hex_grid" index="97" instance=ExtResource( 2 )]
position = Vector2( 161, 120 )

[node name="root_wood_cell87" parent="hex_grid" index="98" instance=ExtResource( 2 )]
position = Vector2( 161, 104 )

[node name="root_wood_cell88" parent="hex_grid" index="99" instance=ExtResource( 2 )]
position = Vector2( 138, 96 )

[node name="root_wood_cell89" parent="hex_grid" index="100" instance=ExtResource( 2 )]
position = Vector2( 115, 104 )

[node name="root_wood_cell90" parent="hex_grid" index="101" instance=ExtResource( 2 )]
position = Vector2( 92, 96 )

[node name="root_wood_cell91" parent="hex_grid" index="102" instance=ExtResource( 2 )]
position = Vector2( 92, 80 )

[node name="root_wood_cell92" parent="hex_grid" index="103" instance=ExtResource( 2 )]
position = Vector2( 115, 88 )

[node name="root_wood_cell93" parent="hex_grid" index="104" instance=ExtResource( 2 )]
position = Vector2( 138, 112 )

[node name="root_wood_cell94" parent="hex_grid" index="105" instance=ExtResource( 2 )]
position = Vector2( 115, 120 )

[node name="root_wood_cell95" parent="hex_grid" index="106" instance=ExtResource( 2 )]
position = Vector2( 92, 112 )

[node name="root_wood_cell96" parent="hex_grid" index="107" instance=ExtResource( 2 )]
position = Vector2( 69, 120 )

[node name="grace_casual" parent="objects/player_units" index="0" groups=["PlayerUnits"] instance=ExtResource( 7 )]
position = Vector2( 69, 136 )

[node name="root_wall" parent="objects/obstacles" index="0" instance=ExtResource( 3 )]
position = Vector2( 23, 72 )

[node name="root_wall2" parent="objects/obstacles" index="1" instance=ExtResource( 3 )]
position = Vector2( 46, 64 )

[node name="root_wall3" parent="objects/obstacles" index="2" instance=ExtResource( 3 )]
position = Vector2( 92, 48 )

[node name="root_wall4" parent="objects/obstacles" index="3" instance=ExtResource( 3 )]
position = Vector2( 115, 40 )

[node name="root_wall5" parent="objects/obstacles" index="4" instance=ExtResource( 3 )]
position = Vector2( 161, 40 )

[node name="sprite" parent="objects/obstacles/root_wall5" index="0"]
flip_h = true

[node name="root_wall6" parent="objects/obstacles" index="5" instance=ExtResource( 3 )]
position = Vector2( 184, 48 )
__meta__ = {
"_edit_group_": true
}

[node name="sprite" parent="objects/obstacles/root_wall6" index="0"]
flip_h = true

[node name="root_wall7" parent="objects/obstacles" index="6" instance=ExtResource( 3 )]
position = Vector2( 23, 136 )
__meta__ = {
"_edit_group_": true
}

[node name="sprite" parent="objects/obstacles/root_wall7" index="0"]
flip_h = true

[node name="root_wall8" parent="objects/obstacles" index="7" instance=ExtResource( 3 )]
position = Vector2( 230, 64 )
__meta__ = {
"_edit_group_": true
}

[node name="sprite" parent="objects/obstacles/root_wall8" index="0"]
flip_h = true

[node name="root_wall9" parent="objects/obstacles" index="8" instance=ExtResource( 3 )]
position = Vector2( 253, 72 )
__meta__ = {
"_edit_group_": true
}

[node name="sprite" parent="objects/obstacles/root_wall9" index="0"]
flip_h = true

[node name="root_wall10" parent="objects/obstacles" index="9" instance=ExtResource( 3 )]
position = Vector2( 276, 80 )
__meta__ = {
"_edit_group_": true
}

[node name="sprite" parent="objects/obstacles/root_wall10" index="0"]
flip_h = true

[node name="root_door" parent="objects/obstacles" index="10" instance=ExtResource( 4 )]
position = Vector2( 69, 56 )

[node name="root_door2" parent="objects/obstacles" index="11" instance=ExtResource( 4 )]
position = Vector2( 207, 56 )
__meta__ = {
"_edit_group_": true
}

[node name="sprite" parent="objects/obstacles/root_door2" index="0"]
flip_h = true

[node name="root_door3" parent="objects/obstacles" index="12" instance=ExtResource( 4 )]
position = Vector2( 46, 144 )
__meta__ = {
"_edit_group_": true
}

[node name="sprite" parent="objects/obstacles/root_door3" index="0"]
flip_h = true

[node name="root_couch" parent="objects/obstacles" index="13" instance=ExtResource( 5 )]
position = Vector2( 230, 112 )
__meta__ = {
"_edit_group_": true
}

[editable path="objects/obstacles/root_wall5"]
[editable path="objects/obstacles/root_wall6"]
[editable path="objects/obstacles/root_wall7"]
[editable path="objects/obstacles/root_wall8"]
[editable path="objects/obstacles/root_wall9"]
[editable path="objects/obstacles/root_wall10"]
[editable path="objects/obstacles/root_door2"]
[editable path="objects/obstacles/root_door3"]
