[gd_scene load_steps=19 format=2]

[ext_resource path="res://Global/Levels/level.tscn" type="PackedScene" id=1]
[ext_resource path="res://Global/Tiles/wood_cell.tscn" type="PackedScene" id=2]
[ext_resource path="res://Global/Tiles/Obstacles/wall_flip.tscn" type="PackedScene" id=3]
[ext_resource path="res://Global/Tiles/Obstacles/wall_vertical.tscn" type="PackedScene" id=4]
[ext_resource path="res://Units/Enemies/phrank.tscn" type="PackedScene" id=5]
[ext_resource path="res://Global/Tiles/Obstacles/couch_dirty.tscn" type="PackedScene" id=6]
[ext_resource path="res://Global/Levels/level_1.gd" type="Script" id=7]
[ext_resource path="res://Global/Tiles/Obstacles/boxes.tscn" type="PackedScene" id=8]
[ext_resource path="res://Global/Tiles/Obstacles/shelf.tscn" type="PackedScene" id=9]
[ext_resource path="res://Global/Tiles/Obstacles/prisoner_1.tscn" type="PackedScene" id=10]
[ext_resource path="res://Global/Tiles/Obstacles/foo_sitting.tscn" type="PackedScene" id=11]
[ext_resource path="res://Units/Characters/grace.tscn" type="PackedScene" id=12]
[ext_resource path="res://Units/Enemies/fil.tscn" type="PackedScene" id=13]
[ext_resource path="res://Units/Characters/cherry.tscn" type="PackedScene" id=14]
[ext_resource path="res://Units/Enemies/jake.tscn" type="PackedScene" id=15]
[ext_resource path="res://Assets/Tilesets/Lighting/hanging_lamp_light.png" type="Texture" id=16]
[ext_resource path="res://Assets/Tilesets/highlights.png" type="Texture" id=17]
[ext_resource path="res://Global/DataStructures/aggro_area.tscn" type="PackedScene" id=18]

[node name="root_level_1" instance=ExtResource( 1 )]
script = ExtResource( 7 )

[node name="lamp" type="Light2D" parent="lights" index="1"]
position = Vector2( 64, 64 )
texture = ExtResource( 16 )
shadow_enabled = true
shadow_gradient_length = 2.0

[node name="root_wood_cell" parent="hex_grid" index="0" instance=ExtResource( 2 )]
position = Vector2( 46, 32 )

[node name="root_wood_cell2" parent="hex_grid" index="1" instance=ExtResource( 2 )]
position = Vector2( 46, 16 )

[node name="root_wood_cell64" parent="hex_grid" index="2" instance=ExtResource( 2 )]
position = Vector2( 69, 8 )

[node name="root_wood_cell65" parent="hex_grid" index="3" instance=ExtResource( 2 )]
position = Vector2( 92, 16 )

[node name="root_wood_cell66" parent="hex_grid" index="4" instance=ExtResource( 2 )]
position = Vector2( 115, 24 )

[node name="root_wood_cell67" parent="hex_grid" index="5" instance=ExtResource( 2 )]
position = Vector2( 138, 32 )

[node name="root_wood_cell68" parent="hex_grid" index="6" instance=ExtResource( 2 )]
position = Vector2( 161, 40 )

[node name="root_wood_cell69" parent="hex_grid" index="7" instance=ExtResource( 2 )]
position = Vector2( 184, 48 )

[node name="root_wood_cell3" parent="hex_grid" index="8" instance=ExtResource( 2 )]
position = Vector2( 23, 24 )

[node name="root_wood_cell4" parent="hex_grid" index="9" instance=ExtResource( 2 )]
position = Vector2( 23, 40 )

[node name="root_wood_cell5" parent="hex_grid" index="10" instance=ExtResource( 2 )]
position = Vector2( 46, 48 )

[node name="root_wood_cell6" parent="hex_grid" index="11" instance=ExtResource( 2 )]
position = Vector2( 69, 40 )

[node name="root_wood_cell7" parent="hex_grid" index="12" instance=ExtResource( 2 )]
position = Vector2( 69, 24 )

[node name="root_wood_cell8" parent="hex_grid" index="13" instance=ExtResource( 2 )]
position = Vector2( 92, 32 )

[node name="root_wood_cell9" parent="hex_grid" index="14" instance=ExtResource( 2 )]
position = Vector2( 115, 40 )

[node name="root_wood_cell10" parent="hex_grid" index="15" instance=ExtResource( 2 )]
position = Vector2( 138, 48 )

[node name="root_wood_cell11" parent="hex_grid" index="16" instance=ExtResource( 2 )]
position = Vector2( 161, 56 )

[node name="root_wood_cell12" parent="hex_grid" index="17" instance=ExtResource( 2 )]
position = Vector2( 184, 64 )

[node name="root_wood_cell13" parent="hex_grid" index="18" instance=ExtResource( 2 )]
position = Vector2( 161, 104 )

[node name="root_wood_cell16" parent="hex_grid" index="19" instance=ExtResource( 2 )]
position = Vector2( 184, 112 )

[node name="root_wood_cell17" parent="hex_grid" index="20" instance=ExtResource( 2 )]
position = Vector2( 184, 128 )

[node name="root_wood_cell18" parent="hex_grid" index="21" instance=ExtResource( 2 )]
position = Vector2( 184, 144 )

[node name="root_wood_cell19" parent="hex_grid" index="22" instance=ExtResource( 2 )]
position = Vector2( 161, 136 )

[node name="root_wood_cell20" parent="hex_grid" index="23" instance=ExtResource( 2 )]
position = Vector2( 138, 144 )

[node name="root_wood_cell21" parent="hex_grid" index="24" instance=ExtResource( 2 )]
position = Vector2( 161, 152 )

[node name="root_wood_cell70" parent="hex_grid" index="25" instance=ExtResource( 2 )]
position = Vector2( 161, 152 )

[node name="root_wood_cell71" parent="hex_grid" index="26" instance=ExtResource( 2 )]
position = Vector2( 184, 160 )
decor = true

[node name="root_wood_cell72" parent="hex_grid" index="27" instance=ExtResource( 2 )]
position = Vector2( 161, 168 )
decor = true

[node name="root_wood_cell73" parent="hex_grid" index="28" instance=ExtResource( 2 )]
position = Vector2( 184, 176 )
decor = true

[node name="root_wood_cell74" parent="hex_grid" index="29" instance=ExtResource( 2 )]
position = Vector2( 138, 160 )
decor = true

[node name="root_wood_cell75" parent="hex_grid" index="30" instance=ExtResource( 2 )]
position = Vector2( 138, 176 )
decor = true

[node name="root_wood_cell76" parent="hex_grid" index="31" instance=ExtResource( 2 )]
position = Vector2( 115, 168 )
decor = true

[node name="root_wood_cell77" parent="hex_grid" index="32" instance=ExtResource( 2 )]
position = Vector2( 92, 160 )
decor = true

[node name="root_wood_cell78" parent="hex_grid" index="33" instance=ExtResource( 2 )]
position = Vector2( 92, 176 )
decor = true

[node name="root_wood_cell79" parent="hex_grid" index="34" instance=ExtResource( 2 )]
position = Vector2( 69, 168 )
decor = true

[node name="root_wood_cell80" parent="hex_grid" index="35" instance=ExtResource( 2 )]
position = Vector2( 46, 176 )
decor = true

[node name="root_wood_cell81" parent="hex_grid" index="36" instance=ExtResource( 2 )]
position = Vector2( 46, 160 )
decor = true

[node name="root_wood_cell82" parent="hex_grid" index="37" instance=ExtResource( 2 )]
position = Vector2( 23, 168 )
decor = true

[node name="root_wood_cell83" parent="hex_grid" index="38" instance=ExtResource( 2 )]
position = Vector2( 0, 176 )
decor = true

[node name="root_wood_cell84" parent="hex_grid" index="39" instance=ExtResource( 2 )]
position = Vector2( 0, 160 )
decor = true

[node name="root_wood_cell86" parent="hex_grid" index="40" instance=ExtResource( 2 )]
position = Vector2( 0, 144 )
decor = true

[node name="root_wood_cell88" parent="hex_grid" index="41" instance=ExtResource( 2 )]
position = Vector2( 0, 128 )
decor = true

[node name="root_wood_cell90" parent="hex_grid" index="42" instance=ExtResource( 2 )]
position = Vector2( 0, 112 )
decor = true

[node name="root_wood_cell92" parent="hex_grid" index="43" instance=ExtResource( 2 )]
position = Vector2( 0, 96 )
decor = true

[node name="root_wood_cell94" parent="hex_grid" index="44" instance=ExtResource( 2 )]
position = Vector2( 0, 80 )
decor = true

[node name="root_wood_cell96" parent="hex_grid" index="45" instance=ExtResource( 2 )]
position = Vector2( 0, 64 )
decor = true

[node name="root_wood_cell98" parent="hex_grid" index="46" instance=ExtResource( 2 )]
position = Vector2( 0, 48 )
decor = true

[node name="root_wood_cell100" parent="hex_grid" index="47" instance=ExtResource( 2 )]
position = Vector2( 0, 32 )
decor = true

[node name="root_wood_cell22" parent="hex_grid" index="48" instance=ExtResource( 2 )]
position = Vector2( 115, 152 )

[node name="root_wood_cell23" parent="hex_grid" index="49" instance=ExtResource( 2 )]
position = Vector2( 92, 144 )

[node name="root_wood_cell24" parent="hex_grid" index="50" instance=ExtResource( 2 )]
position = Vector2( 69, 152 )

[node name="root_wood_cell25" parent="hex_grid" index="51" instance=ExtResource( 2 )]
position = Vector2( 46, 144 )

[node name="root_wood_cell26" parent="hex_grid" index="52" instance=ExtResource( 2 )]
position = Vector2( 23, 152 )

[node name="root_wood_cell27" parent="hex_grid" index="53" instance=ExtResource( 2 )]
position = Vector2( 23, 136 )

[node name="root_wood_cell28" parent="hex_grid" index="54" instance=ExtResource( 2 )]
position = Vector2( 23, 120 )

[node name="root_wood_cell29" parent="hex_grid" index="55" instance=ExtResource( 2 )]
position = Vector2( 23, 104 )

[node name="root_wood_cell30" parent="hex_grid" index="56" instance=ExtResource( 2 )]
position = Vector2( 23, 88 )

[node name="root_wood_cell31" parent="hex_grid" index="57" instance=ExtResource( 2 )]
position = Vector2( 23, 72 )

[node name="root_wood_cell32" parent="hex_grid" index="58" instance=ExtResource( 2 )]
position = Vector2( 23, 56 )

[node name="root_wood_cell33" parent="hex_grid" index="59" instance=ExtResource( 2 )]
position = Vector2( 46, 64 )

[node name="root_wood_cell34" parent="hex_grid" index="60" instance=ExtResource( 2 )]
position = Vector2( 46, 80 )

[node name="root_wood_cell35" parent="hex_grid" index="61" instance=ExtResource( 2 )]
position = Vector2( 46, 96 )

[node name="root_wood_cell36" parent="hex_grid" index="62" instance=ExtResource( 2 )]
position = Vector2( 46, 112 )

[node name="root_wood_cell37" parent="hex_grid" index="63" instance=ExtResource( 2 )]
position = Vector2( 46, 128 )

[node name="root_wood_cell38" parent="hex_grid" index="64" instance=ExtResource( 2 )]
position = Vector2( 69, 136 )

[node name="root_wood_cell39" parent="hex_grid" index="65" instance=ExtResource( 2 )]
position = Vector2( 69, 120 )

[node name="root_wood_cell40" parent="hex_grid" index="66" instance=ExtResource( 2 )]
position = Vector2( 92, 128 )

[node name="root_wood_cell41" parent="hex_grid" index="67" instance=ExtResource( 2 )]
position = Vector2( 115, 136 )

[node name="root_wood_cell42" parent="hex_grid" index="68" instance=ExtResource( 2 )]
position = Vector2( 138, 128 )

[node name="root_wood_cell43" parent="hex_grid" index="69" instance=ExtResource( 2 )]
position = Vector2( 161, 120 )

[node name="root_wood_cell44" parent="hex_grid" index="70" instance=ExtResource( 2 )]
position = Vector2( 161, 88 )

[node name="root_wood_cell45" parent="hex_grid" index="71" instance=ExtResource( 2 )]
position = Vector2( 161, 72 )

[node name="root_wood_cell46" parent="hex_grid" index="72" instance=ExtResource( 2 )]
position = Vector2( 138, 64 )

[node name="root_wood_cell47" parent="hex_grid" index="73" instance=ExtResource( 2 )]
position = Vector2( 115, 56 )

[node name="root_wood_cell48" parent="hex_grid" index="74" instance=ExtResource( 2 )]
position = Vector2( 92, 48 )

[node name="root_wood_cell49" parent="hex_grid" index="75" instance=ExtResource( 2 )]
position = Vector2( 69, 56 )

[node name="root_wood_cell50" parent="hex_grid" index="76" instance=ExtResource( 2 )]
position = Vector2( 69, 72 )

[node name="root_wood_cell51" parent="hex_grid" index="77" instance=ExtResource( 2 )]
position = Vector2( 92, 64 )

[node name="root_wood_cell52" parent="hex_grid" index="78" instance=ExtResource( 2 )]
position = Vector2( 69, 88 )

[node name="root_wood_cell53" parent="hex_grid" index="79" instance=ExtResource( 2 )]
position = Vector2( 69, 104 )

[node name="root_wood_cell54" parent="hex_grid" index="80" instance=ExtResource( 2 )]
position = Vector2( 92, 96 )

[node name="root_wood_cell55" parent="hex_grid" index="81" instance=ExtResource( 2 )]
position = Vector2( 92, 80 )

[node name="root_wood_cell56" parent="hex_grid" index="82" instance=ExtResource( 2 )]
position = Vector2( 115, 72 )

[node name="root_wood_cell57" parent="hex_grid" index="83" instance=ExtResource( 2 )]
position = Vector2( 115, 88 )

[node name="root_wood_cell58" parent="hex_grid" index="84" instance=ExtResource( 2 )]
position = Vector2( 138, 80 )

[node name="root_wood_cell59" parent="hex_grid" index="85" instance=ExtResource( 2 )]
position = Vector2( 138, 96 )

[node name="root_wood_cell60" parent="hex_grid" index="86" instance=ExtResource( 2 )]
position = Vector2( 138, 112 )

[node name="root_wood_cell61" parent="hex_grid" index="87" instance=ExtResource( 2 )]
position = Vector2( 115, 120 )

[node name="root_wood_cell62" parent="hex_grid" index="88" instance=ExtResource( 2 )]
position = Vector2( 92, 112 )

[node name="root_wood_cell63" parent="hex_grid" index="89" instance=ExtResource( 2 )]
position = Vector2( 115, 104 )

[node name="root_wood_cell14" parent="hex_grid" index="90" instance=ExtResource( 2 )]
position = Vector2( 184, 80 )

[node name="root_wood_cell15" parent="hex_grid" index="91" instance=ExtResource( 2 )]
position = Vector2( 184, 96 )

[node name="grace" parent="objects/player_units" index="0" groups=["PlayerUnits"] instance=ExtResource( 12 )]
position = Vector2( 69, 40 )

[node name="cherry" parent="objects/player_units" index="1" groups=["PlayerUnits"] instance=ExtResource( 14 )]
position = Vector2( 46, 48 )

[node name="jake" parent="objects/enemy_units" index="0" groups=["EnemyUnits"] instance=ExtResource( 15 )]
position = Vector2( 69, 152 )
aggro_area = NodePath("../../../aggro/aggro_area")
reinforcement = false
reinforce_turn = 0
reinforce_tile = Vector3( 0, 0, 0 )

[node name="fil" parent="objects/enemy_units" index="1" groups=["EnemyUnits"] instance=ExtResource( 13 )]
position = Vector2( 115, 120 )
reinforcement = false
reinforce_turn = 0
reinforce_tile = Vector3( 0, 0, 0 )

[node name="phrank" parent="objects/enemy_units" index="2" groups=["EnemyUnits"] instance=ExtResource( 5 )]
position = Vector2( 138, 112 )
reinforcement = false
reinforce_turn = 0
reinforce_tile = Vector3( 0, 0, 0 )

[node name="root_wall_vertical" parent="objects/obstacles" index="0" instance=ExtResource( 4 )]
position = Vector2( 184, 144 )

[node name="root_wall_vertical6" parent="objects/obstacles" index="1" instance=ExtResource( 4 )]
position = Vector2( 184, 160 )

[node name="root_wall_vertical7" parent="objects/obstacles" index="2" instance=ExtResource( 4 )]
position = Vector2( 184, 176 )

[node name="root_wall_vertical8" parent="objects/obstacles" index="3" instance=ExtResource( 4 )]
position = Vector2( 184, 192 )

[node name="root_wall_vertical9" parent="objects/obstacles" index="4" instance=ExtResource( 4 )]
position = Vector2( 0, 48 )

[node name="root_wall_vertical10" parent="objects/obstacles" index="5" instance=ExtResource( 4 )]
position = Vector2( 0, 80 )

[node name="root_wall_vertical11" parent="objects/obstacles" index="6" instance=ExtResource( 4 )]
position = Vector2( 0, 112 )

[node name="root_wall_vertical12" parent="objects/obstacles" index="7" instance=ExtResource( 4 )]
position = Vector2( 0, 144 )

[node name="root_wall_vertical13" parent="objects/obstacles" index="8" instance=ExtResource( 4 )]
position = Vector2( 0, 160 )

[node name="root_wall_vertical14" parent="objects/obstacles" index="9" instance=ExtResource( 4 )]
position = Vector2( 0, 176 )

[node name="root_wall_vertical15" parent="objects/obstacles" index="10" instance=ExtResource( 4 )]
position = Vector2( 0, 192 )

[node name="root_wall_vertical2" parent="objects/obstacles" index="11" instance=ExtResource( 4 )]
position = Vector2( 184, 128 )

[node name="root_wall_vertical3" parent="objects/obstacles" index="12" instance=ExtResource( 4 )]
position = Vector2( 184, 80 )

[node name="root_wall_vertical4" parent="objects/obstacles" index="13" instance=ExtResource( 4 )]
position = Vector2( 184, 112 )

[node name="root_wall_vertical5" parent="objects/obstacles" index="14" instance=ExtResource( 4 )]
position = Vector2( 184, 96 )

[node name="root_couch_dirty" parent="objects/obstacles" index="15" instance=ExtResource( 6 )]
position = Vector2( 46, 128 )

[node name="root_boxes" parent="objects/obstacles" index="16" instance=ExtResource( 8 )]
position = Vector2( 23, 120 )

[node name="root_boxes2" parent="objects/obstacles" index="17" instance=ExtResource( 8 )]
position = Vector2( 92, 128 )

[node name="root_shelf" parent="objects/obstacles" index="18" instance=ExtResource( 9 )]
position = Vector2( 115, 56 )

[node name="abigail" parent="objects/obstacles" index="19" instance=ExtResource( 10 )]
position = Vector2( 161, 152 )

[node name="foo_sitting" parent="objects/obstacles" index="20" instance=ExtResource( 11 )]
position = Vector2( 161, 168 )

[node name="root_wall_flip" parent="objects/obstacles" index="21" instance=ExtResource( 3 )]
position = Vector2( 161, 56 )

[node name="root_wall_flip6" parent="objects/obstacles" index="22" instance=ExtResource( 3 )]
position = Vector2( 184, 64 )

[node name="root_wall_flip2" parent="objects/obstacles" index="23" instance=ExtResource( 3 )]
position = Vector2( 138, 48 )

[node name="root_wall_flip3" parent="objects/obstacles" index="24" instance=ExtResource( 3 )]
position = Vector2( 115, 40 )

[node name="root_wall_flip4" parent="objects/obstacles" index="25" instance=ExtResource( 3 )]
position = Vector2( 92, 32 )

[node name="root_wall_flip5" parent="objects/obstacles" index="26" instance=ExtResource( 3 )]
position = Vector2( 69, 24 )

[node name="black" type="Node2D" parent="objects/decor" index="0"]
z_index = -6

[node name="color_rect" type="ColorRect" parent="objects/decor/black" index="0"]
margin_right = 320.0
margin_bottom = 200.0
mouse_filter = 2
color = Color( 0, 0, 0, 1 )
__meta__ = {
"_edit_lock_": true
}

[node name="black_2" type="Node2D" parent="objects/decor" index="1"]

[node name="color_rect" type="ColorRect" parent="objects/decor/black_2" index="0"]
margin_left = 202.0
margin_right = 320.0
margin_bottom = 200.0
mouse_filter = 2
color = Color( 0, 0, 0, 1 )
__meta__ = {
"_edit_lock_": true
}

[node name="black_3" type="Node2D" parent="objects/decor" index="2"]

[node name="color_rect" type="ColorRect" parent="objects/decor/black_3" index="0"]
margin_right = 14.0
margin_bottom = 200.0
mouse_filter = 2
color = Color( 0, 0, 0, 1 )
__meta__ = {
"_edit_lock_": true
}

[node name="root_wall_vertical16" parent="objects/decor" index="3" instance=ExtResource( 4 )]
position = Vector2( 184, 56 )

[node name="aggro" parent="." index="8"]
__meta__ = {
"_edit_group_": true,
"_edit_lock_": true
}

[node name="aggro_area" parent="aggro" index="0" instance=ExtResource( 18 )]

[node name="tile_1" parent="aggro/aggro_area" index="0"]
position = Vector2( 115, 104 )

[node name="tile_2" type="Sprite" parent="aggro/aggro_area" index="1"]
position = Vector2( 92, 112 )
texture = ExtResource( 17 )
centered = false
region_enabled = true
region_rect = Rect2( 32, 17, 32, 17 )

[node name="tile_3" type="Sprite" parent="aggro/aggro_area" index="2"]
position = Vector2( 138, 96 )
texture = ExtResource( 17 )
centered = false
region_enabled = true
region_rect = Rect2( 32, 17, 32, 17 )

[node name="tile_4" type="Sprite" parent="aggro/aggro_area" index="3"]
position = Vector2( 161, 88 )
texture = ExtResource( 17 )
centered = false
region_enabled = true
region_rect = Rect2( 32, 17, 32, 17 )

[node name="tile_5" type="Sprite" parent="aggro/aggro_area" index="4"]
position = Vector2( 138, 80 )
texture = ExtResource( 17 )
centered = false
region_enabled = true
region_rect = Rect2( 32, 17, 32, 17 )

[node name="tile_6" type="Sprite" parent="aggro/aggro_area" index="5"]
position = Vector2( 115, 88 )
texture = ExtResource( 17 )
centered = false
region_enabled = true
region_rect = Rect2( 32, 17, 32, 17 )

[node name="tile_7" type="Sprite" parent="aggro/aggro_area" index="6"]
position = Vector2( 92, 96 )
texture = ExtResource( 17 )
centered = false
region_enabled = true
region_rect = Rect2( 32, 17, 32, 17 )

[node name="tile_8" type="Sprite" parent="aggro/aggro_area" index="7"]
position = Vector2( 69, 104 )
texture = ExtResource( 17 )
centered = false
region_enabled = true
region_rect = Rect2( 32, 17, 32, 17 )

[node name="tile_10" type="Sprite" parent="aggro/aggro_area" index="8"]
position = Vector2( 46, 112 )
texture = ExtResource( 17 )
centered = false
region_enabled = true
region_rect = Rect2( 32, 17, 32, 17 )

[node name="tile_11" type="Sprite" parent="aggro/aggro_area" index="9"]
position = Vector2( 69, 88 )
texture = ExtResource( 17 )
centered = false
region_enabled = true
region_rect = Rect2( 32, 17, 32, 17 )

[node name="tile_12" type="Sprite" parent="aggro/aggro_area" index="10"]
position = Vector2( 92, 80 )
texture = ExtResource( 17 )
centered = false
region_enabled = true
region_rect = Rect2( 32, 17, 32, 17 )

[node name="tile_13" type="Sprite" parent="aggro/aggro_area" index="11"]
position = Vector2( 115, 72 )
texture = ExtResource( 17 )
centered = false
region_enabled = true
region_rect = Rect2( 32, 17, 32, 17 )

[node name="tile_9" type="Sprite" parent="aggro/aggro_area" index="12"]
position = Vector2( 69, 120 )
texture = ExtResource( 17 )
centered = false
region_enabled = true
region_rect = Rect2( 32, 17, 32, 17 )

[node name="cursor" parent="." index="11"]
position = Vector2( 0, -19 )

[editable path="objects/obstacles/root_shelf"]
[editable path="aggro/aggro_area"]
