[gd_scene load_steps=4 format=2]

[ext_resource path="res://Global/Levels/level.tscn" type="PackedScene" id=1]
[ext_resource path="res://Global/Levels/level_14.gd" type="Script" id=2]
[ext_resource path="res://Global/Tiles/pavement_cell.tscn" type="PackedScene" id=3]

[node name="root_level_14" instance=ExtResource( 1 )]
script = ExtResource( 2 )

[node name="root_pavement_cell" parent="hex_grid" index="0" instance=ExtResource( 3 )]

[node name="root_pavement_cell2" parent="hex_grid" index="1" instance=ExtResource( 3 )]
position = Vector2( 0, 16 )

[node name="root_pavement_cell3" parent="hex_grid" index="2" instance=ExtResource( 3 )]
position = Vector2( 0, 32 )

[node name="root_pavement_cell4" parent="hex_grid" index="3" instance=ExtResource( 3 )]
position = Vector2( 0, 48 )

[node name="root_pavement_cell5" parent="hex_grid" index="4" instance=ExtResource( 3 )]
position = Vector2( 0, 64 )

[node name="root_pavement_cell6" parent="hex_grid" index="5" instance=ExtResource( 3 )]
position = Vector2( 0, 80 )

[node name="root_pavement_cell7" parent="hex_grid" index="6" instance=ExtResource( 3 )]
position = Vector2( 0, 96 )

[node name="root_pavement_cell8" parent="hex_grid" index="7" instance=ExtResource( 3 )]
position = Vector2( 0, 112 )

[node name="root_pavement_cell9" parent="hex_grid" index="8" instance=ExtResource( 3 )]
position = Vector2( 0, 128 )

[node name="root_pavement_cell10" parent="hex_grid" index="9" instance=ExtResource( 3 )]
position = Vector2( 0, 144 )

[node name="root_pavement_cell11" parent="hex_grid" index="10" instance=ExtResource( 3 )]
position = Vector2( 0, 160 )

[node name="root_pavement_cell12" parent="hex_grid" index="11" instance=ExtResource( 3 )]
position = Vector2( 0, 176 )
