[gd_scene load_steps=34 format=2]

[ext_resource path="res://Global/Levels/level.tscn" type="PackedScene" id=1]
[ext_resource path="res://Global/Levels/level_3.gd" type="Script" id=2]
[ext_resource path="res://Global/Tiles/Obstacles/wall_horizontal.tscn" type="PackedScene" id=3]
[ext_resource path="res://Global/Tiles/Obstacles/wall_corner_2.tscn" type="PackedScene" id=4]
[ext_resource path="res://Global/Tiles/Obstacles/wall.tscn" type="PackedScene" id=5]
[ext_resource path="res://Global/Tiles/wood_cell.tscn" type="PackedScene" id=6]
[ext_resource path="res://Global/Tiles/Obstacles/wall_vertical.tscn" type="PackedScene" id=7]
[ext_resource path="res://Global/Tiles/Obstacles/wall_corner_3.tscn" type="PackedScene" id=8]
[ext_resource path="res://Units/Characters/grace.tscn" type="PackedScene" id=9]
[ext_resource path="res://Units/Enemies/fil.tscn" type="PackedScene" id=10]
[ext_resource path="res://Units/Characters/acacius.tscn" type="PackedScene" id=11]
[ext_resource path="res://Units/Characters/foo.tscn" type="PackedScene" id=12]
[ext_resource path="res://Units/Characters/cherry.tscn" type="PackedScene" id=13]
[ext_resource path="res://Units/Characters/illiana.tscn" type="PackedScene" id=14]
[ext_resource path="res://Global/Tiles/Obstacles/boiler.tscn" type="PackedScene" id=15]
[ext_resource path="res://Global/Tiles/Obstacles/wall_horiz_small.tscn" type="PackedScene" id=16]
[ext_resource path="res://Units/Enemies/jake.tscn" type="PackedScene" id=17]
[ext_resource path="res://Global/Tiles/Obstacles/chest.tscn" type="PackedScene" id=18]
[ext_resource path="res://Units/Enemies/phrank.tscn" type="PackedScene" id=19]
[ext_resource path="res://Units/Enemies/CustomEnemyScripts/level_3_runner.gd" type="Script" id=20]
[ext_resource path="res://Global/Tiles/Obstacles/wall_flip.tscn" type="PackedScene" id=21]
[ext_resource path="res://Assets/Tilesets/Lighting/hanging_lamp_light.png" type="Texture" id=22]
[ext_resource path="res://Global/DataStructures/aggro_area.tscn" type="PackedScene" id=23]
[ext_resource path="res://Units/Enemies/kinematics_mage_1.tscn" type="PackedScene" id=24]
[ext_resource path="res://Assets/Tilesets/highlights.png" type="Texture" id=25]
[ext_resource path="res://Assets/Tilesets/Obstacles/pipe_curve.png" type="Texture" id=26]
[ext_resource path="res://Assets/Tilesets/Obstacles/pipe_slant.png" type="Texture" id=27]
[ext_resource path="res://Global/DataStructures/sieze_area.tscn" type="PackedScene" id=28]
[ext_resource path="res://Assets/Tilesets/Obstacles/valve.png" type="Texture" id=29]
[ext_resource path="res://Assets/Tilesets/Obstacles/pipe.png" type="Texture" id=30]
[ext_resource path="res://Assets/Environments/ParticleEffects/fog.png" type="Texture" id=31]

[sub_resource type="Gradient" id=1]
offsets = PoolRealArray( 0.00384615, 0.480769, 1 )
colors = PoolColorArray( 1, 1, 1, 0, 1, 1, 1, 0.352941, 1, 1, 1, 0 )

[sub_resource type="ParticlesMaterial" id=2]
lifetime_randomness = 0.2
flag_disable_z = true
spread = 15.0
gravity = Vector3( 0, 2, 0 )
initial_velocity = 24.0
orbit_velocity = 0.0
orbit_velocity_random = 0.0
color = Color( 0.462745, 0.462745, 0.462745, 0.772549 )

[node name="root_level_3" instance=ExtResource( 1 )]
script = ExtResource( 2 )

[node name="point_a" parent="camera_constraints" index="0"]
position = Vector2( 0, -120 )

[node name="point_b" parent="camera_constraints" index="1"]
position = Vector2( 520, 200 )

[node name="global_light" parent="lights" index="0"]
position = Vector2( 264.5, -128 )
scale = Vector2( 1.65313, 1.64 )

[node name="lamp_1" type="Light2D" parent="lights" index="1"]
position = Vector2( 299, 88 )
texture = ExtResource( 22 )
shadow_enabled = true
shadow_gradient_length = 16.0

[node name="lamp_2" type="Light2D" parent="lights" index="2"]
position = Vector2( 299, -40 )
texture = ExtResource( 22 )
energy = 0.6
shadow_enabled = true
shadow_gradient_length = 16.0

[node name="lamp_3" type="Light2D" parent="lights" index="3"]
position = Vector2( 115, 88 )
texture = ExtResource( 22 )
energy = 0.6
shadow_enabled = true
shadow_gradient_length = 16.0

[node name="root_wood_cell" parent="hex_grid" index="0" instance=ExtResource( 6 )]
position = Vector2( 23, 72 )

[node name="root_wood_cell29" parent="hex_grid" index="1" instance=ExtResource( 6 )]
position = Vector2( 23, 88 )

[node name="root_wood_cell38" parent="hex_grid" index="2" instance=ExtResource( 6 )]
position = Vector2( 46, 96 )

[node name="root_wood_cell39" parent="hex_grid" index="3" instance=ExtResource( 6 )]
position = Vector2( 46, 80 )

[node name="root_wood_cell40" parent="hex_grid" index="4" instance=ExtResource( 6 )]
position = Vector2( 46, 64 )

[node name="root_wood_cell41" parent="hex_grid" index="5" instance=ExtResource( 6 )]
position = Vector2( 69, 40 )

[node name="root_wood_cell42" parent="hex_grid" index="6" instance=ExtResource( 6 )]
position = Vector2( 69, 56 )

[node name="root_wood_cell43" parent="hex_grid" index="7" instance=ExtResource( 6 )]
position = Vector2( 69, 72 )

[node name="root_wood_cell44" parent="hex_grid" index="8" instance=ExtResource( 6 )]
position = Vector2( 69, 88 )

[node name="root_wood_cell52" parent="hex_grid" index="9" instance=ExtResource( 6 )]
position = Vector2( 92, 96 )

[node name="root_wood_cell53" parent="hex_grid" index="10" instance=ExtResource( 6 )]
position = Vector2( 92, 80 )

[node name="root_wood_cell72" parent="hex_grid" index="11" instance=ExtResource( 6 )]
position = Vector2( -46, -144 )

[node name="root_wood_cell73" parent="hex_grid" index="12" instance=ExtResource( 6 )]
position = Vector2( -69, -152 )

[node name="root_wood_cell74" parent="hex_grid" index="13" instance=ExtResource( 6 )]
position = Vector2( -69, -136 )

[node name="root_wood_cell75" parent="hex_grid" index="14" instance=ExtResource( 6 )]
position = Vector2( -92, -144 )

[node name="root_wood_cell54" parent="hex_grid" index="15" instance=ExtResource( 6 )]
position = Vector2( 92, 64 )

[node name="root_wood_cell55" parent="hex_grid" index="16" instance=ExtResource( 6 )]
position = Vector2( 92, 48 )

[node name="root_wood_cell56" parent="hex_grid" index="17" instance=ExtResource( 6 )]
position = Vector2( 115, 56 )

[node name="root_wood_cell57" parent="hex_grid" index="18" instance=ExtResource( 6 )]
position = Vector2( 115, 72 )

[node name="root_wood_cell58" parent="hex_grid" index="19" instance=ExtResource( 6 )]
position = Vector2( 115, 88 )

[node name="root_wood_cell59" parent="hex_grid" index="20" instance=ExtResource( 6 )]
position = Vector2( 138, 96 )

[node name="root_wood_cell60" parent="hex_grid" index="21" instance=ExtResource( 6 )]
position = Vector2( 138, 80 )

[node name="root_wood_cell61" parent="hex_grid" index="22" instance=ExtResource( 6 )]
position = Vector2( 138, 64 )

[node name="root_wood_cell62" parent="hex_grid" index="23" instance=ExtResource( 6 )]
position = Vector2( 138, 48 )

[node name="root_wood_cell63" parent="hex_grid" index="24" instance=ExtResource( 6 )]
position = Vector2( 115, 40 )

[node name="root_wood_cell64" parent="hex_grid" index="25" instance=ExtResource( 6 )]
position = Vector2( 92, 32 )

[node name="root_wood_cell65" parent="hex_grid" index="26" instance=ExtResource( 6 )]
position = Vector2( 69, 24 )

[node name="root_wood_cell66" parent="hex_grid" index="27" instance=ExtResource( 6 )]
position = Vector2( 115, 24 )

[node name="root_wood_cell67" parent="hex_grid" index="28" instance=ExtResource( 6 )]
position = Vector2( 138, 32 )

[node name="root_wood_cell68" parent="hex_grid" index="29" instance=ExtResource( 6 )]
position = Vector2( 161, 40 )

[node name="root_wood_cell77" parent="hex_grid" index="30" instance=ExtResource( 6 )]
position = Vector2( 161, 24 )

[node name="root_wood_cell69" parent="hex_grid" index="31" instance=ExtResource( 6 )]
position = Vector2( 161, 56 )

[node name="root_wood_cell70" parent="hex_grid" index="32" instance=ExtResource( 6 )]
position = Vector2( 161, 72 )

[node name="root_wood_cell71" parent="hex_grid" index="33" instance=ExtResource( 6 )]
position = Vector2( 161, 88 )

[node name="root_wood_cell141" parent="hex_grid" index="34" instance=ExtResource( 6 )]
position = Vector2( 368, -48 )

[node name="root_wood_cell142" parent="hex_grid" index="35" instance=ExtResource( 6 )]
position = Vector2( 322, -32 )

[node name="root_wood_cell93" parent="hex_grid" index="36" instance=ExtResource( 6 )]
position = Vector2( 253, 88 )

[node name="root_wood_cell94" parent="hex_grid" index="37" instance=ExtResource( 6 )]
position = Vector2( 276, 80 )

[node name="root_wood_cell134" parent="hex_grid" index="38" instance=ExtResource( 6 )]
position = Vector2( 276, 96 )

[node name="root_wood_cell143" parent="hex_grid" index="39" instance=ExtResource( 6 )]
position = Vector2( 299, 88 )

[node name="root_wood_cell169" parent="hex_grid" index="40" instance=ExtResource( 6 )]
position = Vector2( 276, 112 )

[node name="root_wood_cell177" parent="hex_grid" index="41" instance=ExtResource( 6 )]
position = Vector2( 230, 144 )

[node name="root_wood_cell178" parent="hex_grid" index="42" instance=ExtResource( 6 )]
position = Vector2( 230, 160 )

[node name="root_wood_cell170" parent="hex_grid" index="43" instance=ExtResource( 6 )]
position = Vector2( 299, 104 )

[node name="root_wood_cell172" parent="hex_grid" index="44" instance=ExtResource( 6 )]
position = Vector2( 322, 80 )

[node name="root_wood_cell173" parent="hex_grid" index="45" instance=ExtResource( 6 )]
position = Vector2( 322, 96 )

[node name="root_wood_cell179" parent="hex_grid" index="46" instance=ExtResource( 6 )]
position = Vector2( 322, 112 )

[node name="root_wood_cell180" parent="hex_grid" index="47" instance=ExtResource( 6 )]
position = Vector2( 322, 128 )

[node name="root_wood_cell181" parent="hex_grid" index="48" instance=ExtResource( 6 )]
position = Vector2( 322, 144 )

[node name="root_wood_cell182" parent="hex_grid" index="49" instance=ExtResource( 6 )]
position = Vector2( 322, 160 )

[node name="root_wood_cell171" parent="hex_grid" index="50" instance=ExtResource( 6 )]
position = Vector2( 253, 104 )

[node name="root_wood_cell183" parent="hex_grid" index="51" instance=ExtResource( 6 )]
position = Vector2( 276, 128 )

[node name="root_wood_cell184" parent="hex_grid" index="52" instance=ExtResource( 6 )]
position = Vector2( 299, 120 )

[node name="root_wood_cell185" parent="hex_grid" index="53" instance=ExtResource( 6 )]
position = Vector2( 253, 120 )

[node name="root_wood_cell186" parent="hex_grid" index="54" instance=ExtResource( 6 )]
position = Vector2( 276, 144 )

[node name="root_wood_cell187" parent="hex_grid" index="55" instance=ExtResource( 6 )]
position = Vector2( 299, 136 )

[node name="root_wood_cell188" parent="hex_grid" index="56" instance=ExtResource( 6 )]
position = Vector2( 253, 136 )

[node name="root_wood_cell189" parent="hex_grid" index="57" instance=ExtResource( 6 )]
position = Vector2( 276, 160 )

[node name="root_wood_cell211" parent="hex_grid" index="58" instance=ExtResource( 6 )]
position = Vector2( 230, 176 )

[node name="root_wood_cell212" parent="hex_grid" index="59" instance=ExtResource( 6 )]
position = Vector2( 253, 168 )

[node name="root_wood_cell213" parent="hex_grid" index="60" instance=ExtResource( 6 )]
position = Vector2( 276, 176 )
decor = true

[node name="root_wood_cell214" parent="hex_grid" index="61" instance=ExtResource( 6 )]
position = Vector2( 299, 168 )

[node name="root_wood_cell215" parent="hex_grid" index="62" instance=ExtResource( 6 )]
position = Vector2( 322, 176 )

[node name="root_wood_cell190" parent="hex_grid" index="63" instance=ExtResource( 6 )]
position = Vector2( 299, 152 )

[node name="root_wood_cell191" parent="hex_grid" index="64" instance=ExtResource( 6 )]
position = Vector2( 253, 152 )

[node name="root_wood_cell95" parent="hex_grid" index="65" instance=ExtResource( 6 )]
position = Vector2( 299, 72 )

[node name="root_wood_cell99" parent="hex_grid" index="66" instance=ExtResource( 6 )]
position = Vector2( 253, 72 )

[node name="root_wood_cell100" parent="hex_grid" index="67" instance=ExtResource( 6 )]
position = Vector2( 276, 64 )

[node name="root_wood_cell101" parent="hex_grid" index="68" instance=ExtResource( 6 )]
position = Vector2( 299, 56 )

[node name="root_wood_cell102" parent="hex_grid" index="69" instance=ExtResource( 6 )]
position = Vector2( 184, 80 )

[node name="root_wood_cell103" parent="hex_grid" index="70" instance=ExtResource( 6 )]
position = Vector2( 207, 72 )

[node name="root_wood_cell104" parent="hex_grid" index="71" instance=ExtResource( 6 )]
position = Vector2( 230, 64 )

[node name="root_wood_cell105" parent="hex_grid" index="72" instance=ExtResource( 6 )]
position = Vector2( 253, 56 )

[node name="root_wood_cell96" parent="hex_grid" index="73" instance=ExtResource( 6 )]
position = Vector2( 230, 112 )

[node name="root_wood_cell174" parent="hex_grid" index="74" instance=ExtResource( 6 )]
position = Vector2( 230, 128 )

[node name="root_wood_cell175" parent="hex_grid" index="75" instance=ExtResource( 6 )]
position = Vector2( 230, 96 )

[node name="root_wood_cell176" parent="hex_grid" index="76" instance=ExtResource( 6 )]
position = Vector2( 230, 80 )

[node name="root_wood_cell106" parent="hex_grid" index="77" instance=ExtResource( 6 )]
position = Vector2( 276, 48 )

[node name="root_wood_cell107" parent="hex_grid" index="78" instance=ExtResource( 6 )]
position = Vector2( 299, 40 )

[node name="root_wood_cell108" parent="hex_grid" index="79" instance=ExtResource( 6 )]
position = Vector2( 184, 64 )

[node name="root_wood_cell109" parent="hex_grid" index="80" instance=ExtResource( 6 )]
position = Vector2( 207, 56 )

[node name="root_wood_cell110" parent="hex_grid" index="81" instance=ExtResource( 6 )]
position = Vector2( 230, 48 )

[node name="root_wood_cell111" parent="hex_grid" index="82" instance=ExtResource( 6 )]
position = Vector2( 253, 40 )

[node name="root_wood_cell112" parent="hex_grid" index="83" instance=ExtResource( 6 )]
position = Vector2( 276, 32 )

[node name="root_wood_cell113" parent="hex_grid" index="84" instance=ExtResource( 6 )]
position = Vector2( 299, 24 )

[node name="root_wood_cell114" parent="hex_grid" index="85" instance=ExtResource( 6 )]
position = Vector2( 184, 48 )

[node name="root_wood_cell115" parent="hex_grid" index="86" instance=ExtResource( 6 )]
position = Vector2( 207, 40 )

[node name="root_wood_cell116" parent="hex_grid" index="87" instance=ExtResource( 6 )]
position = Vector2( 230, 32 )

[node name="root_wood_cell117" parent="hex_grid" index="88" instance=ExtResource( 6 )]
position = Vector2( 253, 24 )

[node name="root_wood_cell118" parent="hex_grid" index="89" instance=ExtResource( 6 )]
position = Vector2( 276, 16 )

[node name="root_wood_cell119" parent="hex_grid" index="90" instance=ExtResource( 6 )]
position = Vector2( 299, 8 )

[node name="root_wood_cell135" parent="hex_grid" index="91" instance=ExtResource( 6 )]
position = Vector2( 322, 64 )

[node name="root_wood_cell136" parent="hex_grid" index="92" instance=ExtResource( 6 )]
position = Vector2( 322, 48 )

[node name="root_wood_cell137" parent="hex_grid" index="93" instance=ExtResource( 6 )]
position = Vector2( 322, 32 )

[node name="root_wood_cell138" parent="hex_grid" index="94" instance=ExtResource( 6 )]
position = Vector2( 322, 16 )

[node name="root_wood_cell139" parent="hex_grid" index="95" instance=ExtResource( 6 )]
position = Vector2( 322, 0 )

[node name="root_wood_cell120" parent="hex_grid" index="96" instance=ExtResource( 6 )]
position = Vector2( 184, 32 )

[node name="root_wood_cell121" parent="hex_grid" index="97" instance=ExtResource( 6 )]
position = Vector2( 207, 24 )

[node name="root_wood_cell122" parent="hex_grid" index="98" instance=ExtResource( 6 )]
position = Vector2( 230, 16 )

[node name="root_wood_cell123" parent="hex_grid" index="99" instance=ExtResource( 6 )]
position = Vector2( 253, 8 )

[node name="root_wood_cell124" parent="hex_grid" index="100" instance=ExtResource( 6 )]
position = Vector2( 276, 0 )

[node name="root_wood_cell125" parent="hex_grid" index="101" instance=ExtResource( 6 )]
position = Vector2( 299, -8 )

[node name="root_wood_cell126" parent="hex_grid" index="102" instance=ExtResource( 6 )]
position = Vector2( 184, 16 )

[node name="root_wood_cell127" parent="hex_grid" index="103" instance=ExtResource( 6 )]
position = Vector2( 207, 8 )

[node name="root_wood_cell128" parent="hex_grid" index="104" instance=ExtResource( 6 )]
position = Vector2( 230, 0 )

[node name="root_wood_cell129" parent="hex_grid" index="105" instance=ExtResource( 6 )]
position = Vector2( 253, -8 )

[node name="root_wood_cell130" parent="hex_grid" index="106" instance=ExtResource( 6 )]
position = Vector2( 276, -16 )

[node name="root_wood_cell131" parent="hex_grid" index="107" instance=ExtResource( 6 )]
position = Vector2( 276, -32 )

[node name="root_wood_cell132" parent="hex_grid" index="108" instance=ExtResource( 6 )]
position = Vector2( 253, -24 )

[node name="root_wood_cell151" parent="hex_grid" index="109" instance=ExtResource( 6 )]
position = Vector2( 230, -32 )

[node name="root_wood_cell152" parent="hex_grid" index="110" instance=ExtResource( 6 )]
position = Vector2( 230, -48 )

[node name="root_wood_cell153" parent="hex_grid" index="111" instance=ExtResource( 6 )]
position = Vector2( 207, -56 )

[node name="root_wood_cell154" parent="hex_grid" index="112" instance=ExtResource( 6 )]
position = Vector2( 207, -40 )

[node name="root_wood_cell155" parent="hex_grid" index="113" instance=ExtResource( 6 )]
position = Vector2( 253, -40 )

[node name="root_wood_cell156" parent="hex_grid" index="114" instance=ExtResource( 6 )]
position = Vector2( 253, -56 )

[node name="root_wood_cell205" parent="hex_grid" index="115" instance=ExtResource( 6 )]
position = Vector2( 253, -72 )

[node name="root_wood_cell157" parent="hex_grid" index="116" instance=ExtResource( 6 )]
position = Vector2( 138, -64 )

[node name="root_wood_cell206" parent="hex_grid" index="117" instance=ExtResource( 6 )]
position = Vector2( 138, -80 )

[node name="root_wood_cell207" parent="hex_grid" index="118" instance=ExtResource( 6 )]
position = Vector2( 115, -88 )

[node name="root_wood_cell208" parent="hex_grid" index="119" instance=ExtResource( 6 )]
position = Vector2( 115, -72 )

[node name="root_wood_cell216" parent="hex_grid" index="120" instance=ExtResource( 6 )]
position = Vector2( 92, -80 )

[node name="root_wood_cell209" parent="hex_grid" index="121" instance=ExtResource( 6 )]
position = Vector2( 437, -88 )

[node name="root_wood_cell168" parent="hex_grid" index="122" instance=ExtResource( 6 )]
position = Vector2( 161, -56 )

[node name="root_wood_cell158" parent="hex_grid" index="123" instance=ExtResource( 6 )]
position = Vector2( 276, -48 )

[node name="root_wood_cell159" parent="hex_grid" index="124" instance=ExtResource( 6 )]
position = Vector2( 299, -40 )

[node name="root_wood_cell160" parent="hex_grid" index="125" instance=ExtResource( 6 )]
position = Vector2( 322, -48 )

[node name="root_wood_cell161" parent="hex_grid" index="126" instance=ExtResource( 6 )]
position = Vector2( 299, -56 )

[node name="root_wood_cell204" parent="hex_grid" index="127" instance=ExtResource( 6 )]
position = Vector2( 299, -72 )

[node name="root_wood_cell166" parent="hex_grid" index="128" instance=ExtResource( 6 )]
position = Vector2( 414, -80 )

[node name="root_wood_cell197" parent="hex_grid" index="129" instance=ExtResource( 6 )]
position = Vector2( 437, -104 )

[node name="root_wood_cell167" parent="hex_grid" index="130" instance=ExtResource( 6 )]
position = Vector2( 391, -72 )

[node name="root_wood_cell162" parent="hex_grid" index="131" instance=ExtResource( 6 )]
position = Vector2( 276, -64 )

[node name="root_wood_cell210" parent="hex_grid" index="132" instance=ExtResource( 6 )]
position = Vector2( 276, -88 )

[node name="root_wood_cell163" parent="hex_grid" index="133" instance=ExtResource( 6 )]
position = Vector2( 437, -72 )

[node name="root_wood_cell217" parent="hex_grid" index="134" instance=ExtResource( 6 )]
position = Vector2( 460, -80 )

[node name="root_wood_cell218" parent="hex_grid" index="135" instance=ExtResource( 6 )]
position = Vector2( 460, -96 )

[node name="root_wood_cell219" parent="hex_grid" index="136" instance=ExtResource( 6 )]
position = Vector2( 92, -96 )

[node name="root_wood_cell164" parent="hex_grid" index="137" instance=ExtResource( 6 )]
position = Vector2( 184, -64 )

[node name="root_wood_cell165" parent="hex_grid" index="138" instance=ExtResource( 6 )]
position = Vector2( 161, -72 )

[node name="root_wood_cell202" parent="hex_grid" index="139" instance=ExtResource( 6 )]
position = Vector2( 115, -104 )

[node name="root_wood_cell203" parent="hex_grid" index="140" instance=ExtResource( 6 )]
position = Vector2( 138, -96 )

[node name="root_wood_cell198" parent="hex_grid" index="141" instance=ExtResource( 6 )]
position = Vector2( 230, -64 )

[node name="root_wood_cell199" parent="hex_grid" index="142" instance=ExtResource( 6 )]
position = Vector2( 207, -72 )

[node name="root_wood_cell200" parent="hex_grid" index="143" instance=ExtResource( 6 )]
position = Vector2( 184, -80 )

[node name="root_wood_cell201" parent="hex_grid" index="144" instance=ExtResource( 6 )]
position = Vector2( 161, -88 )

[node name="root_wood_cell150" parent="hex_grid" index="145" instance=ExtResource( 6 )]
position = Vector2( 230, -16 )

[node name="root_wood_cell133" parent="hex_grid" index="146" instance=ExtResource( 6 )]
position = Vector2( 299, -24 )

[node name="root_wood_cell140" parent="hex_grid" index="147" instance=ExtResource( 6 )]
position = Vector2( 322, -16 )

[node name="root_wood_cell144" parent="hex_grid" index="148" instance=ExtResource( 6 )]
position = Vector2( 391, -56 )

[node name="root_wood_cell145" parent="hex_grid" index="149" instance=ExtResource( 6 )]
position = Vector2( 345, -56 )

[node name="root_wood_cell192" parent="hex_grid" index="150" instance=ExtResource( 6 )]
position = Vector2( 322, -64 )

[node name="root_wood_cell146" parent="hex_grid" index="151" instance=ExtResource( 6 )]
position = Vector2( 345, -40 )

[node name="root_wood_cell147" parent="hex_grid" index="152" instance=ExtResource( 6 )]
position = Vector2( 414, -64 )

[node name="root_wood_cell148" parent="hex_grid" index="153" instance=ExtResource( 6 )]
position = Vector2( 368, -64 )

[node name="root_wood_cell193" parent="hex_grid" index="154" instance=ExtResource( 6 )]
position = Vector2( 345, -72 )

[node name="root_wood_cell194" parent="hex_grid" index="155" instance=ExtResource( 6 )]
position = Vector2( 368, -80 )

[node name="root_wood_cell195" parent="hex_grid" index="156" instance=ExtResource( 6 )]
position = Vector2( 391, -88 )

[node name="root_wood_cell196" parent="hex_grid" index="157" instance=ExtResource( 6 )]
position = Vector2( 414, -96 )

[node name="root_wood_cell149" parent="hex_grid" index="158" instance=ExtResource( 6 )]
position = Vector2( 184, -48 )

[node name="root_wood_cell2" parent="hex_grid" index="159" instance=ExtResource( 6 )]
position = Vector2( -23, 24 )
decor = true

[node name="root_wood_cell3" parent="hex_grid" index="160" instance=ExtResource( 6 )]
position = Vector2( 0, 32 )

[node name="root_wood_cell4" parent="hex_grid" index="161" instance=ExtResource( 6 )]
position = Vector2( -23, 40 )
decor = true

[node name="root_wood_cell5" parent="hex_grid" index="162" instance=ExtResource( 6 )]
position = Vector2( 0, 48 )

[node name="root_wood_cell6" parent="hex_grid" index="163" instance=ExtResource( 6 )]
position = Vector2( 23, 24 )

[node name="root_wood_cell7" parent="hex_grid" index="164" instance=ExtResource( 6 )]
position = Vector2( 23, 40 )

[node name="root_wood_cell8" parent="hex_grid" index="165" instance=ExtResource( 6 )]
position = Vector2( 46, 32 )

[node name="root_wood_cell9" parent="hex_grid" index="166" instance=ExtResource( 6 )]
position = Vector2( 46, 48 )

[node name="root_wood_cell10" parent="hex_grid" index="167" instance=ExtResource( 6 )]
position = Vector2( 23, 56 )

[node name="root_wood_cell11" parent="hex_grid" index="168" instance=ExtResource( 6 )]
position = Vector2( -23, 56 )
decor = true

[node name="root_wood_cell12" parent="hex_grid" index="169" instance=ExtResource( 6 )]
position = Vector2( 0, 64 )

[node name="root_wood_cell13" parent="hex_grid" index="170" instance=ExtResource( 6 )]
position = Vector2( -23, 72 )
decor = true

[node name="root_wood_cell14" parent="hex_grid" index="171" instance=ExtResource( 6 )]
position = Vector2( 0, 80 )

[node name="root_wood_cell15" parent="hex_grid" index="172" instance=ExtResource( 6 )]
position = Vector2( -23, 88 )
decor = true

[node name="root_wood_cell16" parent="hex_grid" index="173" instance=ExtResource( 6 )]
position = Vector2( 0, 96 )

[node name="pipe_1" type="Sprite" parent="objects/ysort_decor" index="0"]
position = Vector2( 230, -48 )
texture = ExtResource( 30 )
centered = false
offset = Vector2( 0, -59 )

[node name="valve" type="Sprite" parent="objects/ysort_decor/pipe_1" index="0"]
position = Vector2( 15, 33 )
texture = ExtResource( 29 )
centered = false
offset = Vector2( 0, -59 )

[node name="pipe_2" type="Sprite" parent="objects/ysort_decor" index="1"]
position = Vector2( 319, -48 )
texture = ExtResource( 26 )
centered = false
offset = Vector2( 0, -46.817 )

[node name="pipe_3" type="Sprite" parent="objects/ysort_decor" index="2"]
position = Vector2( 374, -59 )
texture = ExtResource( 27 )
centered = false
offset = Vector2( -1, -21 )

[node name="pipe_4" type="Sprite" parent="objects/ysort_decor" index="3"]
position = Vector2( 397, -67 )
texture = ExtResource( 27 )
centered = false
offset = Vector2( -1, -21 )

[node name="valve" type="Sprite" parent="objects/ysort_decor/pipe_4" index="0"]
position = Vector2( 6, -17 )
texture = ExtResource( 29 )
centered = false

[node name="pipe_5" type="Sprite" parent="objects/ysort_decor" index="4"]
position = Vector2( 420, -75 )
texture = ExtResource( 27 )
centered = false
offset = Vector2( -1, -21 )

[node name="pipe_6" type="Sprite" parent="objects/ysort_decor" index="5"]
position = Vector2( 442, -83 )
texture = ExtResource( 27 )
centered = false
offset = Vector2( -1, -21 )

[node name="grace" parent="objects/player_units" index="0" instance=ExtResource( 9 )]
position = Vector2( 23, 88 )

[node name="foo" parent="objects/player_units" index="1" instance=ExtResource( 12 )]
position = Vector2( 0, 80 )

[node name="cherry" parent="objects/player_units" index="2" instance=ExtResource( 13 )]
position = Vector2( 46, 96 )

[node name="illiana" parent="objects/player_units" index="3" instance=ExtResource( 14 )]
position = Vector2( 23, 104 )

[node name="acacius" parent="objects/player_units" index="4" instance=ExtResource( 11 )]
position = Vector2( 0, 96 )

[node name="fil_runs_away" parent="objects/enemy_units" index="0" instance=ExtResource( 10 )]
position = Vector2( 207, 72 )
script = ExtResource( 20 )
aggro_area = NodePath("../../../aggro/aggro_1")

[node name="jake_1" parent="objects/enemy_units" index="1" instance=ExtResource( 17 )]
position = Vector2( 299, -24 )
aggro_area = NodePath("../../../aggro/aggro_1")

[node name="phrank_1" parent="objects/enemy_units" index="2" instance=ExtResource( 19 )]
position = Vector2( 276, -48 )
aggro_area = NodePath("../../../aggro/aggro_1")

[node name="kin_mage_1" parent="objects/enemy_units" index="3" instance=ExtResource( 24 )]
position = Vector2( -46, -128 )
reinforcement = true
reinforce_turn = 2
reinforce_tile = Vector3( 0, 4, -4 )

[node name="kin_mage_2" parent="objects/enemy_units" index="4" instance=ExtResource( 24 )]
position = Vector2( -69, -136 )
reinforcement = true
reinforce_turn = 2
reinforce_tile = Vector3( 0, 6, -6 )

[node name="phrank_2" parent="objects/enemy_units" index="5" instance=ExtResource( 19 )]
position = Vector2( -92, -128 )
aggro_area = NodePath("../../../aggro/aggro_1")
reinforcement = true
reinforce_turn = 3
reinforce_tile = Vector3( 4, -8, 4 )

[node name="fil_2" parent="objects/enemy_units" index="6" instance=ExtResource( 10 )]
position = Vector2( -69, -120 )
reinforcement = true
reinforce_turn = 3
reinforce_tile = Vector3( 20, -16, -4 )

[node name="root_wall" parent="objects/obstacles" index="0" instance=ExtResource( 5 )]
position = Vector2( 161, 56 )

[node name="root_wall5" parent="objects/obstacles" index="1" instance=ExtResource( 5 )]
position = Vector2( 345, -56 )

[node name="root_wall10" parent="objects/obstacles" index="2" instance=ExtResource( 5 )]
position = Vector2( 253, -56 )

[node name="root_wall6" parent="objects/obstacles" index="3" instance=ExtResource( 5 )]
position = Vector2( 369, -64 )

[node name="root_wall7" parent="objects/obstacles" index="4" instance=ExtResource( 5 )]
position = Vector2( 391, -72 )

[node name="root_wall8" parent="objects/obstacles" index="5" instance=ExtResource( 5 )]
position = Vector2( 414, -80 )

[node name="root_wall9" parent="objects/obstacles" index="6" instance=ExtResource( 5 )]
position = Vector2( 437, -88 )

[node name="root_wall2" parent="objects/obstacles" index="7" instance=ExtResource( 5 )]
position = Vector2( 184, 48 )

[node name="root_wall3" parent="objects/obstacles" index="8" instance=ExtResource( 5 )]
position = Vector2( 207, 40 )

[node name="root_wall_horizontal" parent="objects/obstacles" index="9" instance=ExtResource( 3 )]
position = Vector2( 92, 64 )

[node name="root_wall_horizontal2" parent="objects/obstacles" index="10" instance=ExtResource( 3 )]
position = Vector2( 46, 64 )

[node name="root_wall_horizontal3" parent="objects/obstacles" index="11" instance=ExtResource( 3 )]
position = Vector2( 0, 64 )

[node name="root_wall_corner_2" parent="objects/obstacles" index="12" instance=ExtResource( 4 )]
position = Vector2( 138, 64 )

[node name="root_wall_vertical8" parent="objects/obstacles" index="13" instance=ExtResource( 7 )]
position = Vector2( 230, 0 )

[node name="root_wall_vertical7" parent="objects/obstacles" index="14" instance=ExtResource( 7 )]
position = Vector2( 322, 16 )

[node name="root_wall_vertical9" parent="objects/obstacles" index="15" instance=ExtResource( 7 )]
position = Vector2( 322, 0 )

[node name="root_wall_vertical12" parent="objects/obstacles" index="16" instance=ExtResource( 7 )]
position = Vector2( 230, 16 )

[node name="root_wall_vertical6" parent="objects/obstacles" index="17" instance=ExtResource( 7 )]
position = Vector2( 322, 32 )

[node name="root_wall_vertical5" parent="objects/obstacles" index="18" instance=ExtResource( 7 )]
position = Vector2( 322, 48 )

[node name="root_wall_vertical4" parent="objects/obstacles" index="19" instance=ExtResource( 7 )]
position = Vector2( 322, 64 )

[node name="root_wall_vertical3" parent="objects/obstacles" index="20" instance=ExtResource( 7 )]
position = Vector2( 322, 80 )

[node name="root_wall_vertical17" parent="objects/obstacles" index="21" instance=ExtResource( 7 )]
position = Vector2( 322, 96 )

[node name="root_wall_vertical18" parent="objects/obstacles" index="22" instance=ExtResource( 7 )]
position = Vector2( 322, 112 )

[node name="root_wall_vertical19" parent="objects/obstacles" index="23" instance=ExtResource( 7 )]
position = Vector2( 322, 128 )

[node name="root_wall_vertical20" parent="objects/obstacles" index="24" instance=ExtResource( 7 )]
position = Vector2( 322, 144 )

[node name="root_wall_vertical21" parent="objects/obstacles" index="25" instance=ExtResource( 7 )]
position = Vector2( 322, 160 )

[node name="root_wall_vertical22" parent="objects/obstacles" index="26" instance=ExtResource( 7 )]
position = Vector2( 322, 176 )

[node name="root_wall_vertical10" parent="objects/obstacles" index="27" instance=ExtResource( 7 )]
position = Vector2( 230, 96 )

[node name="root_wall_vertical11" parent="objects/obstacles" index="28" instance=ExtResource( 7 )]
position = Vector2( 230, 112 )

[node name="root_wall_vertical13" parent="objects/obstacles" index="29" instance=ExtResource( 7 )]
position = Vector2( 230, 128 )

[node name="root_wall_vertical14" parent="objects/obstacles" index="30" instance=ExtResource( 7 )]
position = Vector2( 230, 144 )

[node name="root_wall_vertical15" parent="objects/obstacles" index="31" instance=ExtResource( 7 )]
position = Vector2( 230, 160 )

[node name="root_wall_vertical16" parent="objects/obstacles" index="32" instance=ExtResource( 7 )]
position = Vector2( 230, 176 )

[node name="root_wall_vertical23" parent="objects/obstacles" index="33" instance=ExtResource( 7 )]
position = Vector2( 230, 192 )

[node name="root_wall_vertical24" parent="objects/obstacles" index="34" instance=ExtResource( 7 )]
position = Vector2( 322, 192 )

[node name="root_wall_corner_3" parent="objects/obstacles" index="35" instance=ExtResource( 8 )]
position = Vector2( 230, 32 )

[node name="root_wall_horiz_small" parent="objects/obstacles" index="36" instance=ExtResource( 16 )]
position = Vector2( 230, -56 )

[node name="root_wall_horiz_small5" parent="objects/obstacles" index="37" instance=ExtResource( 16 )]
position = Vector2( 322, -56 )

[node name="root_wall_horiz_small6" parent="objects/obstacles" index="38" instance=ExtResource( 16 )]
position = Vector2( 276, -64 )

[node name="chest" parent="objects/obstacles" index="39" instance=ExtResource( 18 )]
position = Vector2( 276, 176 )

[node name="root_wall_flip" parent="objects/obstacles" index="40" instance=ExtResource( 21 )]
position = Vector2( 207, -56 )

[node name="root_wall_flip2" parent="objects/obstacles" index="41" instance=ExtResource( 21 )]
position = Vector2( 184, -64 )

[node name="root_wall_flip3" parent="objects/obstacles" index="42" instance=ExtResource( 21 )]
position = Vector2( 161, -72 )

[node name="root_wall_flip4" parent="objects/obstacles" index="43" instance=ExtResource( 21 )]
position = Vector2( 138, -80 )

[node name="root_wall_flip5" parent="objects/obstacles" index="44" instance=ExtResource( 21 )]
position = Vector2( 115, -88 )

[node name="root_wall_flip6" parent="objects/obstacles" index="45" instance=ExtResource( 21 )]
position = Vector2( 299, -56 )

[node name="root_boiler" parent="objects/obstacles" index="46" instance=ExtResource( 15 )]
position = Vector2( 92, 80 )

[node name="black_1" type="Node2D" parent="objects/effects" index="0"]
z_index = -6
__meta__ = {
"_edit_group_": true,
"_edit_lock_": true
}

[node name="color_rect" type="ColorRect" parent="objects/effects/black_1" index="0"]
margin_top = -120.0
margin_right = 529.0
margin_bottom = 200.0
mouse_filter = 2
color = Color( 0, 0, 0, 1 )

[node name="fog_1" type="CPUParticles2D" parent="objects/effects" index="1"]
modulate = Color( 1, 1, 1, 0.588235 )
position = Vector2( 128, 45 )
z_index = 2
amount = 120
lifetime = 12.0
texture = ExtResource( 31 )
emission_shape = 1
emission_sphere_radius = 12.0
spread = 180.0
gravity = Vector2( 0, 1 )
initial_velocity = 4.0
initial_velocity_random = 0.05
color_ramp = SubResource( 1 )

[node name="steam" type="Particles2D" parent="objects/effects" index="2"]
position = Vector2( 128, 45 )
z_index = 1
amount = 16
process_material = SubResource( 2 )

[node name="aggro_1" parent="aggro" index="0" instance=ExtResource( 23 )]
__meta__ = {
"_edit_group_": true,
"_edit_lock_": true
}

[node name="tile_1" parent="aggro/aggro_1" index="0"]
position = Vector2( 230, 48 )

[node name="tile_2" type="Sprite" parent="aggro/aggro_1" index="1"]
position = Vector2( 253, 56 )
texture = ExtResource( 25 )
centered = false
region_enabled = true
region_rect = Rect2( 32, 17, 32, 17 )

[node name="tile_3" type="Sprite" parent="aggro/aggro_1" index="2"]
position = Vector2( 276, 64 )
texture = ExtResource( 25 )
centered = false
region_enabled = true
region_rect = Rect2( 32, 17, 32, 17 )

[node name="tile_4" type="Sprite" parent="aggro/aggro_1" index="3"]
position = Vector2( 299, 56 )
texture = ExtResource( 25 )
centered = false
region_enabled = true
region_rect = Rect2( 32, 17, 32, 17 )

[node name="tile_5" type="Sprite" parent="aggro/aggro_1" index="4"]
position = Vector2( 207, 56 )
texture = ExtResource( 25 )
centered = false
region_enabled = true
region_rect = Rect2( 32, 17, 32, 17 )

[node name="tile_6" type="Sprite" parent="aggro/aggro_1" index="5"]
position = Vector2( 230, 64 )
texture = ExtResource( 25 )
centered = false
region_enabled = true
region_rect = Rect2( 32, 17, 32, 17 )

[node name="tile_7" type="Sprite" parent="aggro/aggro_1" index="6"]
position = Vector2( 253, 72 )
texture = ExtResource( 25 )
centered = false
region_enabled = true
region_rect = Rect2( 32, 17, 32, 17 )

[node name="tile_8" type="Sprite" parent="aggro/aggro_1" index="7"]
position = Vector2( 276, 80 )
texture = ExtResource( 25 )
centered = false
region_enabled = true
region_rect = Rect2( 32, 17, 32, 17 )

[node name="tile_9" type="Sprite" parent="aggro/aggro_1" index="8"]
position = Vector2( 299, 72 )
texture = ExtResource( 25 )
centered = false
region_enabled = true
region_rect = Rect2( 32, 17, 32, 17 )

[node name="tile_10" type="Sprite" parent="aggro/aggro_1" index="9"]
position = Vector2( 276, 48 )
texture = ExtResource( 25 )
centered = false
region_enabled = true
region_rect = Rect2( 32, 17, 32, 17 )

[node name="tile_11" type="Sprite" parent="aggro/aggro_1" index="10"]
position = Vector2( 253, 40 )
texture = ExtResource( 25 )
centered = false
region_enabled = true
region_rect = Rect2( 32, 17, 32, 17 )

[node name="tile_12" type="Sprite" parent="aggro/aggro_1" index="11"]
position = Vector2( 299, 40 )
texture = ExtResource( 25 )
centered = false
region_enabled = true
region_rect = Rect2( 32, 17, 32, 17 )

[node name="seize_area" parent="sieze" index="0" instance=ExtResource( 28 )]
unique_name_in_owner = true
__meta__ = {
"_edit_group_": true,
"_edit_lock_": true
}

[node name="tile_1" parent="sieze/seize_area" index="0"]
position = Vector2( 92, -80 )

[node name="tile_2" type="Sprite" parent="sieze/seize_area" index="1"]
position = Vector2( 92, -64 )
texture = ExtResource( 25 )
centered = false
region_enabled = true
region_rect = Rect2( 0, 34, 32, 17 )

[node name="tile_3" type="Sprite" parent="sieze/seize_area" index="2"]
position = Vector2( 460, -80 )
texture = ExtResource( 25 )
centered = false
region_enabled = true
region_rect = Rect2( 0, 34, 32, 17 )

[node name="tile_4" type="Sprite" parent="sieze/seize_area" index="3"]
position = Vector2( 460, -64 )
texture = ExtResource( 25 )
centered = false
region_enabled = true
region_rect = Rect2( 0, 34, 32, 17 )

[editable path="aggro/aggro_1"]
[editable path="sieze/seize_area"]
