[gd_scene load_steps=16 format=2]

[ext_resource path="res://Global/Levels/level.tscn" type="PackedScene" id=1]
[ext_resource path="res://Global/Tiles/path_2_half_right_cell.tscn" type="PackedScene" id=2]
[ext_resource path="res://Global/Tiles/pavement_cell.tscn" type="PackedScene" id=3]
[ext_resource path="res://Global/Tiles/path_2_cell.tscn" type="PackedScene" id=4]
[ext_resource path="res://Global/Tiles/path_2_half_left_cell.tscn" type="PackedScene" id=5]
[ext_resource path="res://Global/Tiles/path_2_larger_corner_2_cell.tscn" type="PackedScene" id=6]
[ext_resource path="res://Global/Tiles/path_2_larger_corner_1_cell.tscn" type="PackedScene" id=7]
[ext_resource path="res://Global/Tiles/grass_cell.tscn" type="PackedScene" id=8]
[ext_resource path="res://Global/Tiles/Obstacles/fountain.tscn" type="PackedScene" id=9]
[ext_resource path="res://Assets/Environments/outside_storage_building.png" type="Texture" id=10]
[ext_resource path="res://Units/Neutrals/ozias_neutral.tscn" type="PackedScene" id=11]
[ext_resource path="res://Units/Neutrals/ana_neutral.tscn" type="PackedScene" id=12]
[ext_resource path="res://Global/Tiles/Obstacles/street_lamp.tscn" type="PackedScene" id=13]
[ext_resource path="res://Assets/Environments/ParticleEffects/fog.png" type="Texture" id=14]

[sub_resource type="Gradient" id=1]
offsets = PoolRealArray( 0.00384615, 0.480769, 1 )
colors = PoolColorArray( 1, 1, 1, 0, 1, 1, 1, 0.352941, 1, 1, 1, 0 )

[node name="root_outside_storehouse" instance=ExtResource( 1 )]

[node name="ambient_light" parent="camera" index="1"]
visible = false

[node name="global_light" parent="lights" index="0"]
visible = false

[node name="root_pavement_cell" parent="hex_grid" index="0" instance=ExtResource( 3 )]

[node name="root_pavement_cell2" parent="hex_grid" index="1" instance=ExtResource( 3 )]
position = Vector2( 0, 16 )

[node name="root_pavement_cell8" parent="hex_grid" index="2" instance=ExtResource( 3 )]
position = Vector2( 23, 24 )

[node name="root_pavement_cell9" parent="hex_grid" index="3" instance=ExtResource( 3 )]
position = Vector2( 46, 16 )

[node name="root_pavement_cell10" parent="hex_grid" index="4" instance=ExtResource( 3 )]
position = Vector2( 69, 8 )

[node name="root_pavement_cell11" parent="hex_grid" index="5" instance=ExtResource( 3 )]
position = Vector2( 92, 16 )

[node name="root_pavement_cell12" parent="hex_grid" index="6" instance=ExtResource( 3 )]
position = Vector2( 115, 8 )

[node name="root_pavement_cell13" parent="hex_grid" index="7" instance=ExtResource( 3 )]
position = Vector2( 0, -16 )

[node name="root_pavement_cell3" parent="hex_grid" index="8" instance=ExtResource( 3 )]
position = Vector2( 23, 8 )

[node name="root_pavement_cell14" parent="hex_grid" index="9" instance=ExtResource( 3 )]
position = Vector2( 23, -8 )

[node name="root_pavement_cell15" parent="hex_grid" index="10" instance=ExtResource( 3 )]
position = Vector2( 46, -16 )

[node name="root_pavement_cell16" parent="hex_grid" index="11" instance=ExtResource( 3 )]
position = Vector2( 92, -16 )

[node name="root_pavement_cell4" parent="hex_grid" index="12" instance=ExtResource( 3 )]
position = Vector2( 46, 0 )

[node name="root_pavement_cell5" parent="hex_grid" index="13" instance=ExtResource( 3 )]
position = Vector2( 69, -8 )

[node name="root_pavement_cell7" parent="hex_grid" index="14" instance=ExtResource( 3 )]
position = Vector2( 115, -8 )

[node name="root_pavement_cell6" parent="hex_grid" index="15" instance=ExtResource( 3 )]
position = Vector2( 92, 0 )

[node name="root_pavement_cell17" parent="hex_grid" index="16" instance=ExtResource( 3 )]
position = Vector2( 115, -24 )

[node name="root_pavement_cell18" parent="hex_grid" index="17" instance=ExtResource( 3 )]
position = Vector2( 69, -24 )

[node name="root_pavement_cell19" parent="hex_grid" index="18" instance=ExtResource( 3 )]
position = Vector2( 23, -24 )

[node name="root_pavement_cell20" parent="hex_grid" index="19" instance=ExtResource( 3 )]
position = Vector2( -23, -24 )

[node name="root_pavement_cell21" parent="hex_grid" index="20" instance=ExtResource( 3 )]
position = Vector2( -23, -8 )

[node name="root_pavement_cell22" parent="hex_grid" index="21" instance=ExtResource( 3 )]
position = Vector2( -23, 8 )

[node name="root_pavement_cell27" parent="hex_grid" index="22" instance=ExtResource( 3 )]
position = Vector2( 69, 24 )

[node name="root_pavement_cell28" parent="hex_grid" index="23" instance=ExtResource( 3 )]
position = Vector2( 92, 32 )

[node name="root_pavement_cell29" parent="hex_grid" index="24" instance=ExtResource( 3 )]
position = Vector2( 46, 32 )

[node name="root_pavement_cell30" parent="hex_grid" index="25" instance=ExtResource( 3 )]
position = Vector2( 69, 40 )

[node name="root_pavement_cell23" parent="hex_grid" index="26" instance=ExtResource( 3 )]
position = Vector2( 0, 32 )

[node name="root_pavement_cell24" parent="hex_grid" index="27" instance=ExtResource( 3 )]
position = Vector2( 23, 40 )

[node name="root_pavement_cell25" parent="hex_grid" index="28" instance=ExtResource( 3 )]
position = Vector2( -23, 24 )

[node name="root_pavement_cell37" parent="hex_grid" index="29" instance=ExtResource( 3 )]
position = Vector2( 46, 48 )

[node name="root_pavement_cell38" parent="hex_grid" index="30" instance=ExtResource( 3 )]
position = Vector2( 69, 56 )

[node name="root_pavement_cell55" parent="hex_grid" index="31" instance=ExtResource( 3 )]
position = Vector2( 92, 48 )

[node name="root_pavement_cell56" parent="hex_grid" index="32" instance=ExtResource( 3 )]
position = Vector2( 92, 64 )

[node name="root_pavement_cell57" parent="hex_grid" index="33" instance=ExtResource( 3 )]
position = Vector2( 92, 80 )

[node name="root_pavement_cell58" parent="hex_grid" index="34" instance=ExtResource( 3 )]
position = Vector2( 92, 96 )

[node name="root_pavement_cell59" parent="hex_grid" index="35" instance=ExtResource( 3 )]
position = Vector2( 92, 112 )

[node name="root_pavement_cell60" parent="hex_grid" index="36" instance=ExtResource( 3 )]
position = Vector2( 138, 176 )

[node name="root_pavement_cell62" parent="hex_grid" index="37" instance=ExtResource( 3 )]
position = Vector2( 69, 136 )

[node name="root_pavement_cell79" parent="hex_grid" index="38" instance=ExtResource( 3 )]
position = Vector2( 46, 144 )

[node name="root_pavement_cell80" parent="hex_grid" index="39" instance=ExtResource( 3 )]
position = Vector2( 23, 152 )

[node name="root_pavement_cell81" parent="hex_grid" index="40" instance=ExtResource( 3 )]
position = Vector2( 0, 160 )

[node name="root_pavement_cell82" parent="hex_grid" index="41" instance=ExtResource( 3 )]
position = Vector2( -23, 168 )

[node name="root_pavement_cell63" parent="hex_grid" index="42" instance=ExtResource( 3 )]
position = Vector2( 92, 176 )

[node name="root_pavement_cell51" parent="hex_grid" index="43" instance=ExtResource( 3 )]
position = Vector2( 138, 160 )

[node name="root_pavement_cell52" parent="hex_grid" index="44" instance=ExtResource( 3 )]
position = Vector2( 253, 136 )

[node name="root_pavement_cell76" parent="hex_grid" index="45" instance=ExtResource( 3 )]
position = Vector2( 276, 144 )

[node name="root_pavement_cell77" parent="hex_grid" index="46" instance=ExtResource( 3 )]
position = Vector2( 299, 152 )

[node name="root_pavement_cell78" parent="hex_grid" index="47" instance=ExtResource( 3 )]
position = Vector2( 161, 152 )

[node name="root_pavement_cell83" parent="hex_grid" index="48" instance=ExtResource( 3 )]
position = Vector2( 184, 160 )

[node name="root_pavement_cell84" parent="hex_grid" index="49" instance=ExtResource( 3 )]
position = Vector2( 207, 168 )

[node name="root_pavement_cell85" parent="hex_grid" index="50" instance=ExtResource( 3 )]
position = Vector2( 230, 176 )

[node name="root_pavement_cell53" parent="hex_grid" index="51" instance=ExtResource( 3 )]
position = Vector2( 161, 168 )

[node name="root_pavement_cell54" parent="hex_grid" index="52" instance=ExtResource( 3 )]
position = Vector2( 184, -16 )

[node name="root_pavement_cell64" parent="hex_grid" index="53" instance=ExtResource( 3 )]
position = Vector2( 184, 0 )

[node name="root_pavement_cell65" parent="hex_grid" index="54" instance=ExtResource( 3 )]
position = Vector2( 184, 16 )

[node name="root_pavement_cell66" parent="hex_grid" index="55" instance=ExtResource( 3 )]
position = Vector2( 184, 32 )

[node name="root_pavement_cell67" parent="hex_grid" index="56" instance=ExtResource( 3 )]
position = Vector2( 184, 48 )

[node name="root_pavement_cell68" parent="hex_grid" index="57" instance=ExtResource( 3 )]
position = Vector2( 184, 64 )

[node name="root_pavement_cell69" parent="hex_grid" index="58" instance=ExtResource( 3 )]
position = Vector2( 184, 80 )

[node name="root_pavement_cell70" parent="hex_grid" index="59" instance=ExtResource( 3 )]
position = Vector2( 184, 96 )

[node name="root_pavement_cell71" parent="hex_grid" index="60" instance=ExtResource( 3 )]
position = Vector2( 184, 112 )

[node name="root_pavement_cell72" parent="hex_grid" index="61" instance=ExtResource( 3 )]
position = Vector2( 207, 120 )

[node name="root_pavement_cell86" parent="hex_grid" index="62" instance=ExtResource( 3 )]
position = Vector2( 207, 104 )

[node name="root_pavement_cell87" parent="hex_grid" index="63" instance=ExtResource( 3 )]
position = Vector2( 207, 88 )

[node name="root_pavement_cell88" parent="hex_grid" index="64" instance=ExtResource( 3 )]
position = Vector2( 207, 72 )

[node name="root_pavement_cell89" parent="hex_grid" index="65" instance=ExtResource( 3 )]
position = Vector2( 207, 56 )

[node name="root_pavement_cell90" parent="hex_grid" index="66" instance=ExtResource( 3 )]
position = Vector2( 207, 40 )

[node name="root_pavement_cell91" parent="hex_grid" index="67" instance=ExtResource( 3 )]
position = Vector2( 207, 24 )

[node name="root_pavement_cell92" parent="hex_grid" index="68" instance=ExtResource( 3 )]
position = Vector2( 207, 8 )

[node name="root_pavement_cell93" parent="hex_grid" index="69" instance=ExtResource( 3 )]
position = Vector2( 207, -8 )

[node name="root_pavement_cell94" parent="hex_grid" index="70" instance=ExtResource( 3 )]
position = Vector2( 207, -24 )

[node name="root_pavement_cell73" parent="hex_grid" index="71" instance=ExtResource( 3 )]
position = Vector2( 115, 120 )

[node name="root_pavement_cell74" parent="hex_grid" index="72" instance=ExtResource( 3 )]
position = Vector2( 230, 128 )

[node name="root_pavement_cell61" parent="hex_grid" index="73" instance=ExtResource( 3 )]
position = Vector2( 276, 128 )

[node name="root_pavement_cell95" parent="hex_grid" index="74" instance=ExtResource( 3 )]
position = Vector2( 299, 136 )

[node name="root_pavement_cell96" parent="hex_grid" index="75" instance=ExtResource( 3 )]
position = Vector2( 230, 112 )

[node name="root_pavement_cell97" parent="hex_grid" index="76" instance=ExtResource( 3 )]
position = Vector2( 253, 120 )

[node name="root_pavement_cell75" parent="hex_grid" index="77" instance=ExtResource( 3 )]
position = Vector2( 184, 176 )

[node name="root_pavement_cell31" parent="hex_grid" index="78" instance=ExtResource( 3 )]
position = Vector2( 115, 24 )

[node name="root_pavement_cell32" parent="hex_grid" index="79" instance=ExtResource( 3 )]
position = Vector2( 115, 40 )

[node name="root_pavement_cell33" parent="hex_grid" index="80" instance=ExtResource( 3 )]
position = Vector2( 115, 56 )

[node name="root_pavement_cell34" parent="hex_grid" index="81" instance=ExtResource( 3 )]
position = Vector2( 115, 72 )

[node name="root_pavement_cell35" parent="hex_grid" index="82" instance=ExtResource( 3 )]
position = Vector2( 115, 88 )

[node name="root_pavement_cell36" parent="hex_grid" index="83" instance=ExtResource( 3 )]
position = Vector2( 115, 104 )

[node name="root_pavement_cell39" parent="hex_grid" index="84" instance=ExtResource( 3 )]
position = Vector2( 92, 128 )

[node name="root_pavement_cell40" parent="hex_grid" index="85" instance=ExtResource( 3 )]
position = Vector2( 115, 168 )

[node name="root_path_2_half_right_cell" parent="hex_grid" index="86" instance=ExtResource( 2 )]
position = Vector2( 115, -8 )
decor = true

[node name="root_path_2_half_right_cell13" parent="hex_grid" index="87" instance=ExtResource( 2 )]
position = Vector2( 115, -24 )
decor = true

[node name="root_path_2_half_right_cell2" parent="hex_grid" index="88" instance=ExtResource( 2 )]
position = Vector2( 115, 8 )
decor = true

[node name="root_path_2_half_right_cell3" parent="hex_grid" index="89" instance=ExtResource( 2 )]
position = Vector2( 115, 24 )
decor = true

[node name="root_path_2_half_right_cell4" parent="hex_grid" index="90" instance=ExtResource( 2 )]
position = Vector2( 115, 40 )
decor = true

[node name="root_path_2_half_right_cell5" parent="hex_grid" index="91" instance=ExtResource( 2 )]
position = Vector2( 115, 56 )
decor = true

[node name="root_path_2_half_right_cell6" parent="hex_grid" index="92" instance=ExtResource( 2 )]
position = Vector2( 115, 72 )
decor = true

[node name="root_path_2_half_right_cell7" parent="hex_grid" index="93" instance=ExtResource( 2 )]
position = Vector2( 115, 88 )
decor = true

[node name="root_path_2_half_right_cell8" parent="hex_grid" index="94" instance=ExtResource( 2 )]
position = Vector2( 115, 104 )
decor = true

[node name="root_path_2_cell" parent="hex_grid" index="95" instance=ExtResource( 4 )]
position = Vector2( 138, -16 )

[node name="root_path_2_cell2" parent="hex_grid" index="96" instance=ExtResource( 4 )]
position = Vector2( 138, 0 )

[node name="root_path_2_cell44" parent="hex_grid" index="97" instance=ExtResource( 4 )]
position = Vector2( 138, -32 )

[node name="root_path_2_cell45" parent="hex_grid" index="98" instance=ExtResource( 4 )]
position = Vector2( 161, -40 )

[node name="root_path_2_cell3" parent="hex_grid" index="99" instance=ExtResource( 4 )]
position = Vector2( 138, 16 )

[node name="root_path_2_cell4" parent="hex_grid" index="100" instance=ExtResource( 4 )]
position = Vector2( 138, 32 )

[node name="root_path_2_cell5" parent="hex_grid" index="101" instance=ExtResource( 4 )]
position = Vector2( 138, 48 )

[node name="root_path_2_cell6" parent="hex_grid" index="102" instance=ExtResource( 4 )]
position = Vector2( 138, 64 )

[node name="root_path_2_cell7" parent="hex_grid" index="103" instance=ExtResource( 4 )]
position = Vector2( 138, 80 )

[node name="root_path_2_cell32" parent="hex_grid" index="104" instance=ExtResource( 4 )]
position = Vector2( 161, -24 )

[node name="root_path_2_cell33" parent="hex_grid" index="105" instance=ExtResource( 4 )]
position = Vector2( 161, -8 )

[node name="root_path_2_cell34" parent="hex_grid" index="106" instance=ExtResource( 4 )]
position = Vector2( 161, 8 )

[node name="root_path_2_cell35" parent="hex_grid" index="107" instance=ExtResource( 4 )]
position = Vector2( 161, 24 )

[node name="root_path_2_cell36" parent="hex_grid" index="108" instance=ExtResource( 4 )]
position = Vector2( 161, 40 )

[node name="root_path_2_cell37" parent="hex_grid" index="109" instance=ExtResource( 4 )]
position = Vector2( 161, 56 )

[node name="root_path_2_cell38" parent="hex_grid" index="110" instance=ExtResource( 4 )]
position = Vector2( 161, 72 )

[node name="root_path_2_cell39" parent="hex_grid" index="111" instance=ExtResource( 4 )]
position = Vector2( 161, 88 )

[node name="root_path_2_cell40" parent="hex_grid" index="112" instance=ExtResource( 4 )]
position = Vector2( 161, 104 )

[node name="root_path_2_cell41" parent="hex_grid" index="113" instance=ExtResource( 4 )]
position = Vector2( 161, 120 )

[node name="root_path_2_cell8" parent="hex_grid" index="114" instance=ExtResource( 4 )]
position = Vector2( 138, 96 )

[node name="root_path_2_cell9" parent="hex_grid" index="115" instance=ExtResource( 4 )]
position = Vector2( 138, 112 )

[node name="root_path_2_cell10" parent="hex_grid" index="116" instance=ExtResource( 4 )]
position = Vector2( 138, 128 )

[node name="root_path_2_cell12" parent="hex_grid" index="117" instance=ExtResource( 4 )]
position = Vector2( 115, 136 )

[node name="root_path_2_cell13" parent="hex_grid" index="118" instance=ExtResource( 4 )]
position = Vector2( 92, 144 )

[node name="root_path_2_cell14" parent="hex_grid" index="119" instance=ExtResource( 4 )]
position = Vector2( 69, 152 )

[node name="root_path_2_cell15" parent="hex_grid" index="120" instance=ExtResource( 4 )]
position = Vector2( 46, 160 )

[node name="root_path_2_cell16" parent="hex_grid" index="121" instance=ExtResource( 4 )]
position = Vector2( 23, 168 )

[node name="root_path_2_cell31" parent="hex_grid" index="122" instance=ExtResource( 4 )]
position = Vector2( 0, 176 )

[node name="root_path_2_cell11" parent="hex_grid" index="123" instance=ExtResource( 4 )]
position = Vector2( 184, 128 )

[node name="root_path_2_cell21" parent="hex_grid" index="124" instance=ExtResource( 4 )]
position = Vector2( 138, 144 )

[node name="root_path_2_cell22" parent="hex_grid" index="125" instance=ExtResource( 4 )]
position = Vector2( 207, 152 )

[node name="root_path_2_cell42" parent="hex_grid" index="126" instance=ExtResource( 4 )]
position = Vector2( 184, 144 )

[node name="root_path_2_cell43" parent="hex_grid" index="127" instance=ExtResource( 4 )]
position = Vector2( 161, 136 )

[node name="root_path_2_cell23" parent="hex_grid" index="128" instance=ExtResource( 4 )]
position = Vector2( 230, 160 )

[node name="root_path_2_cell24" parent="hex_grid" index="129" instance=ExtResource( 4 )]
position = Vector2( 253, 168 )

[node name="root_path_2_cell25" parent="hex_grid" index="130" instance=ExtResource( 4 )]
position = Vector2( 276, 176 )

[node name="root_path_2_cell26" parent="hex_grid" index="131" instance=ExtResource( 4 )]
position = Vector2( 115, 152 )

[node name="root_path_2_cell27" parent="hex_grid" index="132" instance=ExtResource( 4 )]
position = Vector2( 92, 160 )

[node name="root_path_2_cell28" parent="hex_grid" index="133" instance=ExtResource( 4 )]
position = Vector2( 69, 168 )

[node name="root_path_2_cell29" parent="hex_grid" index="134" instance=ExtResource( 4 )]
position = Vector2( 46, 176 )

[node name="root_path_2_cell17" parent="hex_grid" index="135" instance=ExtResource( 4 )]
position = Vector2( 207, 136 )

[node name="root_path_2_cell18" parent="hex_grid" index="136" instance=ExtResource( 4 )]
position = Vector2( 230, 144 )

[node name="root_path_2_cell19" parent="hex_grid" index="137" instance=ExtResource( 4 )]
position = Vector2( 253, 152 )

[node name="root_path_2_cell20" parent="hex_grid" index="138" instance=ExtResource( 4 )]
position = Vector2( 276, 160 )

[node name="root_path_2_cell30" parent="hex_grid" index="139" instance=ExtResource( 4 )]
position = Vector2( 299, 168 )

[node name="root_path_2_half_left_cell" parent="hex_grid" index="140" instance=ExtResource( 5 )]
position = Vector2( 184, -16 )
decor = true

[node name="root_path_2_half_left_cell2" parent="hex_grid" index="141" instance=ExtResource( 5 )]
position = Vector2( 184, 0 )
decor = true

[node name="root_path_2_half_left_cell3" parent="hex_grid" index="142" instance=ExtResource( 5 )]
position = Vector2( 184, 16 )
decor = true

[node name="root_path_2_half_left_cell4" parent="hex_grid" index="143" instance=ExtResource( 5 )]
position = Vector2( 184, 32 )
decor = true

[node name="root_path_2_half_left_cell5" parent="hex_grid" index="144" instance=ExtResource( 5 )]
position = Vector2( 184, 48 )
decor = true

[node name="root_path_2_half_left_cell6" parent="hex_grid" index="145" instance=ExtResource( 5 )]
position = Vector2( 184, 64 )
decor = true

[node name="root_path_2_half_left_cell7" parent="hex_grid" index="146" instance=ExtResource( 5 )]
position = Vector2( 184, 80 )
decor = true

[node name="root_path_2_half_left_cell8" parent="hex_grid" index="147" instance=ExtResource( 5 )]
position = Vector2( 184, 96 )
decor = true

[node name="root_path_2_larger_corner_1_cell" parent="hex_grid" index="148" instance=ExtResource( 7 )]
position = Vector2( 184, 112 )
decor = true

[node name="root_path_2_larger_corner_2_cell" parent="hex_grid" index="149" instance=ExtResource( 6 )]
position = Vector2( 115, 120 )
decor = true

[node name="root_grass_cell6" parent="hex_grid" index="150" instance=ExtResource( 8 )]
position = Vector2( 69, 72 )

[node name="root_grass_cell7" parent="hex_grid" index="151" instance=ExtResource( 8 )]
position = Vector2( 69, 88 )

[node name="root_grass_cell8" parent="hex_grid" index="152" instance=ExtResource( 8 )]
position = Vector2( 69, 104 )

[node name="root_grass_cell9" parent="hex_grid" index="153" instance=ExtResource( 8 )]
position = Vector2( 69, 120 )

[node name="root_grass_cell10" parent="hex_grid" index="154" instance=ExtResource( 8 )]
position = Vector2( 46, 128 )

[node name="root_grass_cell11" parent="hex_grid" index="155" instance=ExtResource( 8 )]
position = Vector2( 23, 136 )

[node name="root_grass_cell12" parent="hex_grid" index="156" instance=ExtResource( 8 )]
position = Vector2( 0, 144 )

[node name="root_grass_cell13" parent="hex_grid" index="157" instance=ExtResource( 8 )]
position = Vector2( -23, 152 )

[node name="root_grass_cell14" parent="hex_grid" index="158" instance=ExtResource( 8 )]
position = Vector2( 46, 112 )

[node name="root_grass_cell15" parent="hex_grid" index="159" instance=ExtResource( 8 )]
position = Vector2( 23, 120 )

[node name="root_grass_cell16" parent="hex_grid" index="160" instance=ExtResource( 8 )]
position = Vector2( 0, 128 )

[node name="root_grass_cell17" parent="hex_grid" index="161" instance=ExtResource( 8 )]
position = Vector2( -23, 136 )

[node name="root_grass_cell18" parent="hex_grid" index="162" instance=ExtResource( 8 )]
position = Vector2( 46, 96 )

[node name="root_grass_cell19" parent="hex_grid" index="163" instance=ExtResource( 8 )]
position = Vector2( 23, 104 )

[node name="root_grass_cell20" parent="hex_grid" index="164" instance=ExtResource( 8 )]
position = Vector2( 0, 112 )

[node name="root_grass_cell21" parent="hex_grid" index="165" instance=ExtResource( 8 )]
position = Vector2( -23, 120 )

[node name="root_grass_cell22" parent="hex_grid" index="166" instance=ExtResource( 8 )]
position = Vector2( 46, 80 )

[node name="root_grass_cell23" parent="hex_grid" index="167" instance=ExtResource( 8 )]
position = Vector2( 23, 88 )

[node name="root_grass_cell24" parent="hex_grid" index="168" instance=ExtResource( 8 )]
position = Vector2( 0, 96 )

[node name="root_grass_cell25" parent="hex_grid" index="169" instance=ExtResource( 8 )]
position = Vector2( -23, 104 )

[node name="root_grass_cell26" parent="hex_grid" index="170" instance=ExtResource( 8 )]
position = Vector2( 46, 64 )

[node name="root_grass_cell27" parent="hex_grid" index="171" instance=ExtResource( 8 )]
position = Vector2( 23, 72 )

[node name="root_grass_cell30" parent="hex_grid" index="172" instance=ExtResource( 8 )]
position = Vector2( 23, 56 )

[node name="root_grass_cell31" parent="hex_grid" index="173" instance=ExtResource( 8 )]
position = Vector2( 0, 48 )

[node name="root_grass_cell32" parent="hex_grid" index="174" instance=ExtResource( 8 )]
position = Vector2( -23, 40 )

[node name="root_grass_cell33" parent="hex_grid" index="175" instance=ExtResource( 8 )]
position = Vector2( 0, 64 )

[node name="root_grass_cell34" parent="hex_grid" index="176" instance=ExtResource( 8 )]
position = Vector2( -23, 56 )

[node name="root_grass_cell35" parent="hex_grid" index="177" instance=ExtResource( 8 )]
position = Vector2( -23, 72 )

[node name="root_grass_cell28" parent="hex_grid" index="178" instance=ExtResource( 8 )]
position = Vector2( 0, 80 )

[node name="root_grass_cell29" parent="hex_grid" index="179" instance=ExtResource( 8 )]
position = Vector2( -23, 88 )

[node name="ozias" parent="objects/neutral_units" index="0" instance=ExtResource( 11 )]
position = Vector2( 138, -16 )

[node name="anastasia" parent="objects/neutral_units" index="1" instance=ExtResource( 12 )]
position = Vector2( 161, -24 )

[node name="fountain" parent="objects/obstacles" index="0" instance=ExtResource( 9 )]
position = Vector2( 0, 112 )

[node name="lamp_1" parent="objects/obstacles" index="1" instance=ExtResource( 13 )]
position = Vector2( 92, 48 )
__meta__ = {
"_edit_group_": true,
"_edit_lock_": true
}

[node name="building" type="Sprite" parent="objects/decor" index="0"]
position = Vector2( 206, -79 )
texture = ExtResource( 10 )
centered = false

[node name="fog_1" type="CPUParticles2D" parent="objects/effects" index="0"]
modulate = Color( 1, 1, 1, 0.588235 )
position = Vector2( 92, 0 )
z_index = 2
amount = 120
lifetime = 20.0
texture = ExtResource( 14 )
emission_shape = 1
emission_sphere_radius = 12.0
spread = 180.0
gravity = Vector2( 0, 1 )
initial_velocity = 4.0
initial_velocity_random = 0.05
color_ramp = SubResource( 1 )
