[gd_scene load_steps=10 format=2]

[ext_resource path="res://Global/Tiles/Obstacles/obstacle.tscn" type="PackedScene" id=1]
[ext_resource path="res://Assets/Tilesets/Obstacles/grace_on_bed.png" type="Texture" id=2]

[sub_resource type="AtlasTexture" id=1]
atlas = ExtResource( 2 )
region = Rect2( 0, 0, 64, 64 )

[sub_resource type="AtlasTexture" id=2]
atlas = ExtResource( 2 )
region = Rect2( 64, 0, 64, 64 )

[sub_resource type="AtlasTexture" id=3]
atlas = ExtResource( 2 )
region = Rect2( 128, 0, 64, 64 )

[sub_resource type="AtlasTexture" id=4]
atlas = ExtResource( 2 )
region = Rect2( 0, 64, 64, 64 )

[sub_resource type="AtlasTexture" id=5]
atlas = ExtResource( 2 )
region = Rect2( 64, 64, 64, 64 )

[sub_resource type="AtlasTexture" id=6]
atlas = ExtResource( 2 )
region = Rect2( 128, 64, 64, 64 )

[sub_resource type="SpriteFrames" id=7]
animations = [ {
"frames": [ SubResource( 1 ), SubResource( 2 ), SubResource( 3 ), SubResource( 4 ), SubResource( 5 ), SubResource( 6 ) ],
"loop": true,
"name": "default",
"speed": 5.0
} ]

[node name="root_grace_on_bed" instance=ExtResource( 1 )]

[node name="anim" parent="." index="1"]
frames = SubResource( 7 )
