[gd_scene load_steps=18 format=2]

[ext_resource path="res://Spells/spell.tscn" type="PackedScene" id=1]
[ext_resource path="res://Assets/Spells/equilibrium.png" type="Texture" id=2]
[ext_resource path="res://Spells/equilibrium.gd" type="Script" id=3]

[sub_resource type="AtlasTexture" id=1]
atlas = ExtResource( 2 )
region = Rect2( 0, 0, 32, 32 )

[sub_resource type="AtlasTexture" id=2]
atlas = ExtResource( 2 )
region = Rect2( 32, 0, 32, 32 )

[sub_resource type="AtlasTexture" id=3]
atlas = ExtResource( 2 )
region = Rect2( 64, 0, 32, 32 )

[sub_resource type="AtlasTexture" id=4]
atlas = ExtResource( 2 )
region = Rect2( 96, 0, 32, 32 )

[sub_resource type="AtlasTexture" id=5]
atlas = ExtResource( 2 )
region = Rect2( 0, 32, 32, 32 )

[sub_resource type="AtlasTexture" id=6]
atlas = ExtResource( 2 )
region = Rect2( 32, 32, 32, 32 )

[sub_resource type="AtlasTexture" id=7]
atlas = ExtResource( 2 )
region = Rect2( 64, 32, 32, 32 )

[sub_resource type="AtlasTexture" id=8]
atlas = ExtResource( 2 )
region = Rect2( 0, 32, 32, 32 )

[sub_resource type="AtlasTexture" id=9]
atlas = ExtResource( 2 )
region = Rect2( 32, 32, 32, 32 )

[sub_resource type="AtlasTexture" id=10]
atlas = ExtResource( 2 )
region = Rect2( 64, 32, 32, 32 )

[sub_resource type="AtlasTexture" id=11]
atlas = ExtResource( 2 )
region = Rect2( 96, 32, 32, 32 )

[sub_resource type="AtlasTexture" id=12]
atlas = ExtResource( 2 )
region = Rect2( 0, 64, 32, 32 )

[sub_resource type="AtlasTexture" id=13]
atlas = ExtResource( 2 )
region = Rect2( 32, 64, 32, 32 )

[sub_resource type="SpriteFrames" id=14]
animations = [ {
"frames": [ SubResource( 1 ), SubResource( 2 ), SubResource( 3 ), SubResource( 4 ), SubResource( 5 ), SubResource( 6 ), SubResource( 7 ), SubResource( 8 ), SubResource( 9 ), SubResource( 10 ), SubResource( 11 ), SubResource( 12 ), SubResource( 13 ) ],
"loop": true,
"name": "cast",
"speed": 8.0
} ]

[node name="root_equilibrium" instance=ExtResource( 1 )]
script = ExtResource( 3 )
proper_name = "Equilibrium"
target_type = "any_unit"
target_behavior = "single_target"

[node name="sprite" parent="." index="0"]
position = Vector2( 0, -16 )
frames = SubResource( 14 )
animation = "cast"
centered = false
