[gd_scene load_steps=71 format=2]

[ext_resource path="res://Units/Characters/player_unit.tscn" type="PackedScene" id=1]
[ext_resource path="res://Assets/Characters/grace.png" type="Texture" id=2]
[ext_resource path="res://Global/Menus/CharacterMenus/grace_menu.tscn" type="PackedScene" id=4]

[sub_resource type="AtlasTexture" id=82]
atlas = ExtResource( 2 )
region = Rect2( 0, 336, 32, 48 )

[sub_resource type="AtlasTexture" id=83]
atlas = ExtResource( 2 )
region = Rect2( 32, 336, 32, 48 )

[sub_resource type="AtlasTexture" id=84]
atlas = ExtResource( 2 )
region = Rect2( 64, 336, 32, 48 )

[sub_resource type="AtlasTexture" id=85]
atlas = ExtResource( 2 )
region = Rect2( 96, 336, 32, 48 )

[sub_resource type="AtlasTexture" id=86]
atlas = ExtResource( 2 )
region = Rect2( 128, 336, 32, 48 )

[sub_resource type="AtlasTexture" id=87]
atlas = ExtResource( 2 )
region = Rect2( 160, 336, 32, 48 )

[sub_resource type="AtlasTexture" id=88]
atlas = ExtResource( 2 )
region = Rect2( 192, 336, 32, 48 )

[sub_resource type="AtlasTexture" id=89]
atlas = ExtResource( 2 )
region = Rect2( 0, 384, 32, 48 )

[sub_resource type="AtlasTexture" id=90]
atlas = ExtResource( 2 )
region = Rect2( 32, 384, 32, 48 )

[sub_resource type="AtlasTexture" id=91]
atlas = ExtResource( 2 )
region = Rect2( 64, 384, 32, 48 )

[sub_resource type="AtlasTexture" id=33]
atlas = ExtResource( 2 )
region = Rect2( 0, 0, 32, 48 )

[sub_resource type="AtlasTexture" id=1]
atlas = ExtResource( 2 )
region = Rect2( 0, 0, 32, 48 )

[sub_resource type="AtlasTexture" id=2]
atlas = ExtResource( 2 )
region = Rect2( 32, 0, 32, 48 )

[sub_resource type="AtlasTexture" id=3]
atlas = ExtResource( 2 )
region = Rect2( 64, 0, 32, 48 )

[sub_resource type="AtlasTexture" id=4]
atlas = ExtResource( 2 )
region = Rect2( 96, 0, 32, 48 )

[sub_resource type="AtlasTexture" id=5]
atlas = ExtResource( 2 )
region = Rect2( 128, 0, 32, 48 )

[sub_resource type="AtlasTexture" id=6]
atlas = ExtResource( 2 )
region = Rect2( 160, 0, 32, 48 )

[sub_resource type="AtlasTexture" id=7]
atlas = ExtResource( 2 )
region = Rect2( 192, 0, 32, 48 )

[sub_resource type="AtlasTexture" id=74]
atlas = ExtResource( 2 )
region = Rect2( 0, 288, 32, 48 )

[sub_resource type="AtlasTexture" id=75]
atlas = ExtResource( 2 )
region = Rect2( 32, 288, 32, 48 )

[sub_resource type="AtlasTexture" id=76]
atlas = ExtResource( 2 )
region = Rect2( 64, 288, 32, 48 )

[sub_resource type="AtlasTexture" id=77]
atlas = ExtResource( 2 )
region = Rect2( 96, 288, 32, 48 )

[sub_resource type="AtlasTexture" id=78]
atlas = ExtResource( 2 )
region = Rect2( 128, 288, 32, 48 )

[sub_resource type="AtlasTexture" id=79]
atlas = ExtResource( 2 )
region = Rect2( 160, 288, 32, 48 )

[sub_resource type="AtlasTexture" id=80]
atlas = ExtResource( 2 )
region = Rect2( 192, 288, 32, 48 )

[sub_resource type="AtlasTexture" id=81]
atlas = ExtResource( 2 )
region = Rect2( 224, 288, 32, 48 )

[sub_resource type="AtlasTexture" id=42]
atlas = ExtResource( 2 )
region = Rect2( 0, 144, 32, 48 )

[sub_resource type="AtlasTexture" id=43]
atlas = ExtResource( 2 )
region = Rect2( 32, 144, 32, 48 )

[sub_resource type="AtlasTexture" id=44]
atlas = ExtResource( 2 )
region = Rect2( 64, 144, 32, 48 )

[sub_resource type="AtlasTexture" id=45]
atlas = ExtResource( 2 )
region = Rect2( 96, 144, 32, 48 )

[sub_resource type="AtlasTexture" id=46]
atlas = ExtResource( 2 )
region = Rect2( 128, 144, 32, 48 )

[sub_resource type="AtlasTexture" id=47]
atlas = ExtResource( 2 )
region = Rect2( 160, 144, 32, 48 )

[sub_resource type="AtlasTexture" id=48]
atlas = ExtResource( 2 )
region = Rect2( 192, 144, 32, 48 )

[sub_resource type="AtlasTexture" id=49]
atlas = ExtResource( 2 )
region = Rect2( 224, 144, 32, 48 )

[sub_resource type="AtlasTexture" id=58]
atlas = ExtResource( 2 )
region = Rect2( 0, 192, 32, 48 )

[sub_resource type="AtlasTexture" id=59]
atlas = ExtResource( 2 )
region = Rect2( 32, 192, 32, 48 )

[sub_resource type="AtlasTexture" id=60]
atlas = ExtResource( 2 )
region = Rect2( 64, 192, 32, 48 )

[sub_resource type="AtlasTexture" id=61]
atlas = ExtResource( 2 )
region = Rect2( 96, 192, 32, 48 )

[sub_resource type="AtlasTexture" id=62]
atlas = ExtResource( 2 )
region = Rect2( 128, 192, 32, 48 )

[sub_resource type="AtlasTexture" id=63]
atlas = ExtResource( 2 )
region = Rect2( 160, 192, 32, 48 )

[sub_resource type="AtlasTexture" id=64]
atlas = ExtResource( 2 )
region = Rect2( 192, 192, 32, 48 )

[sub_resource type="AtlasTexture" id=65]
atlas = ExtResource( 2 )
region = Rect2( 224, 192, 32, 48 )

[sub_resource type="AtlasTexture" id=34]
atlas = ExtResource( 2 )
region = Rect2( 0, 240, 32, 48 )

[sub_resource type="AtlasTexture" id=35]
atlas = ExtResource( 2 )
region = Rect2( 32, 240, 32, 48 )

[sub_resource type="AtlasTexture" id=36]
atlas = ExtResource( 2 )
region = Rect2( 64, 240, 32, 48 )

[sub_resource type="AtlasTexture" id=37]
atlas = ExtResource( 2 )
region = Rect2( 96, 240, 32, 48 )

[sub_resource type="AtlasTexture" id=38]
atlas = ExtResource( 2 )
region = Rect2( 128, 240, 32, 48 )

[sub_resource type="AtlasTexture" id=39]
atlas = ExtResource( 2 )
region = Rect2( 160, 240, 32, 48 )

[sub_resource type="AtlasTexture" id=40]
atlas = ExtResource( 2 )
region = Rect2( 192, 240, 32, 48 )

[sub_resource type="AtlasTexture" id=41]
atlas = ExtResource( 2 )
region = Rect2( 224, 240, 32, 48 )

[sub_resource type="AtlasTexture" id=50]
atlas = ExtResource( 2 )
region = Rect2( 0, 48, 32, 48 )

[sub_resource type="AtlasTexture" id=51]
atlas = ExtResource( 2 )
region = Rect2( 32, 48, 32, 48 )

[sub_resource type="AtlasTexture" id=52]
atlas = ExtResource( 2 )
region = Rect2( 64, 48, 32, 48 )

[sub_resource type="AtlasTexture" id=53]
atlas = ExtResource( 2 )
region = Rect2( 96, 48, 32, 48 )

[sub_resource type="AtlasTexture" id=54]
atlas = ExtResource( 2 )
region = Rect2( 128, 48, 32, 48 )

[sub_resource type="AtlasTexture" id=55]
atlas = ExtResource( 2 )
region = Rect2( 160, 48, 32, 48 )

[sub_resource type="AtlasTexture" id=56]
atlas = ExtResource( 2 )
region = Rect2( 192, 48, 32, 48 )

[sub_resource type="AtlasTexture" id=57]
atlas = ExtResource( 2 )
region = Rect2( 224, 48, 32, 48 )

[sub_resource type="AtlasTexture" id=66]
atlas = ExtResource( 2 )
region = Rect2( 0, 96, 32, 48 )

[sub_resource type="AtlasTexture" id=67]
atlas = ExtResource( 2 )
region = Rect2( 32, 96, 32, 48 )

[sub_resource type="AtlasTexture" id=68]
atlas = ExtResource( 2 )
region = Rect2( 64, 96, 32, 48 )

[sub_resource type="AtlasTexture" id=69]
atlas = ExtResource( 2 )
region = Rect2( 96, 96, 32, 48 )

[sub_resource type="AtlasTexture" id=70]
atlas = ExtResource( 2 )
region = Rect2( 128, 96, 32, 48 )

[sub_resource type="AtlasTexture" id=71]
atlas = ExtResource( 2 )
region = Rect2( 160, 96, 32, 48 )

[sub_resource type="AtlasTexture" id=72]
atlas = ExtResource( 2 )
region = Rect2( 192, 96, 32, 48 )

[sub_resource type="AtlasTexture" id=73]
atlas = ExtResource( 2 )
region = Rect2( 224, 96, 32, 48 )

[sub_resource type="SpriteFrames" id=8]
animations = [ {
"frames": [ SubResource( 82 ), SubResource( 83 ), SubResource( 84 ), SubResource( 85 ), SubResource( 86 ), SubResource( 87 ), SubResource( 88 ) ],
"loop": true,
"name": "attack",
"speed": 12.0
}, {
"frames": [ SubResource( 89 ), SubResource( 90 ), SubResource( 91 ) ],
"loop": true,
"name": "cast",
"speed": 5.0
}, {
"frames": [ SubResource( 33 ) ],
"loop": true,
"name": "freeze",
"speed": 5.0
}, {
"frames": [ SubResource( 1 ), SubResource( 2 ), SubResource( 3 ), SubResource( 4 ), SubResource( 5 ), SubResource( 6 ), SubResource( 7 ) ],
"loop": true,
"name": "idle",
"speed": 5.0
}, {
"frames": [ SubResource( 74 ), SubResource( 75 ), SubResource( 76 ), SubResource( 77 ), SubResource( 78 ), SubResource( 79 ), SubResource( 80 ), SubResource( 81 ) ],
"loop": true,
"name": "run_n",
"speed": 12.0
}, {
"frames": [ SubResource( 42 ), SubResource( 43 ), SubResource( 44 ), SubResource( 45 ), SubResource( 46 ), SubResource( 47 ), SubResource( 48 ), SubResource( 49 ) ],
"loop": true,
"name": "run_ne",
"speed": 12.0
}, {
"frames": [ SubResource( 58 ), SubResource( 59 ), SubResource( 60 ), SubResource( 61 ), SubResource( 62 ), SubResource( 63 ), SubResource( 64 ), SubResource( 65 ) ],
"loop": true,
"name": "run_nw",
"speed": 12.0
}, {
"frames": [ SubResource( 34 ), SubResource( 35 ), SubResource( 36 ), SubResource( 37 ), SubResource( 38 ), SubResource( 39 ), SubResource( 40 ), SubResource( 41 ) ],
"loop": true,
"name": "run_s",
"speed": 12.0
}, {
"frames": [ SubResource( 50 ), SubResource( 51 ), SubResource( 52 ), SubResource( 53 ), SubResource( 54 ), SubResource( 55 ), SubResource( 56 ), SubResource( 57 ) ],
"loop": true,
"name": "run_se",
"speed": 12.0
}, {
"frames": [ SubResource( 66 ), SubResource( 67 ), SubResource( 68 ), SubResource( 69 ), SubResource( 70 ), SubResource( 71 ), SubResource( 72 ), SubResource( 73 ) ],
"loop": true,
"name": "run_sw",
"speed": 12.0
} ]

[node name="root_grace" instance=ExtResource( 1 )]

[node name="sprite" parent="." index="0"]
frames = SubResource( 8 )
animation = "freeze"

[node name="character_menu" parent="." index="3" instance=ExtResource( 4 )]
visible = false

[node name="bot_ui" type="HBoxContainer" parent="ui_canvas" index="1"]
margin_top = 12.0
margin_right = 32.0
margin_bottom = 20.0
grow_horizontal = 2
mouse_filter = 2
alignment = 1
