[gd_scene load_steps=10 format=2]

[ext_resource path="res://Units/unit.tscn" type="PackedScene" id=1]
[ext_resource path="res://Units/Characters/player_unit.gd" type="Script" id=2]
[ext_resource path="res://Global/Menus/Buttons/item_button.tscn" type="PackedScene" id=3]
[ext_resource path="res://Global/Menus/Buttons/spell_button.tscn" type="PackedScene" id=4]
[ext_resource path="res://Global/Menus/Buttons/attack_button.tscn" type="PackedScene" id=5]
[ext_resource path="res://Global/Menus/Buttons/move_button.tscn" type="PackedScene" id=6]
[ext_resource path="res://Global/Menus/Buttons/talk_button.tscn" type="PackedScene" id=7]
[ext_resource path="res://Global/Menus/Buttons/cancel_button.tscn" type="PackedScene" id=8]
[ext_resource path="res://Global/Materials/unshaded.tres" type="Material" id=9]

[node name="root_unit" instance=ExtResource( 1 )]
script = ExtResource( 2 )
test_skills = PoolStringArray(  )
test_items = {
}

[node name="action_buttons" type="Node2D" parent="." index="3"]
material = ExtResource( 9 )
z_index = 3

[node name="move_button" parent="action_buttons" index="0" instance=ExtResource( 6 )]
material = null

[node name="attack_button" parent="action_buttons" index="1" instance=ExtResource( 5 )]
material = null

[node name="spell_button" parent="action_buttons" index="2" instance=ExtResource( 4 )]
material = null

[node name="item_button" parent="action_buttons" index="3" instance=ExtResource( 3 )]
material = null

[node name="talk_button" parent="action_buttons" index="4" instance=ExtResource( 7 )]
material = null

[node name="reaction_buttons" type="Node2D" parent="." index="4"]
material = ExtResource( 9 )
z_index = 3

[node name="cancel_button" parent="reaction_buttons" index="0" instance=ExtResource( 8 )]
material = null

[node name="tab" parent="popup" index="1"]
position = Vector2( 0, 14 )

[connection signal="tween_completed" from="tween" to="." method="_on_tween_tween_completed"]
[connection signal="child_entered_tree" from="action_buttons" to="." method="_on_action_buttons_child_entered_tree"]
[connection signal="child_entered_tree" from="reaction_buttons" to="." method="_on_reaction_buttons_child_entered_tree"]
[connection signal="button_pressed" from="reaction_buttons/cancel_button" to="." method="_on_cancel_button_button_pressed"]
