[gd_scene load_steps=11 format=2]

[ext_resource path="res://Global/Materials/unshaded.tres" type="Material" id=1]
[ext_resource path="res://Assets/Fonts/font.ttf" type="DynamicFontData" id=2]
[ext_resource path="res://Global/Menus/CharacterMenus/SkillTree/skill_tree.gd" type="Script" id=3]
[ext_resource path="res://Assets/GUI/menu_skill_board_tab.png" type="Texture" id=4]
[ext_resource path="res://Global/Menus/CharacterMenus/SkillTree/subclass.tscn" type="PackedScene" id=5]
[ext_resource path="res://Assets/GUI/menu_tab_box.png" type="Texture" id=6]
[ext_resource path="res://Assets/GUI/menu_tab_hover_box.png" type="Texture" id=7]
[ext_resource path="res://Assets/GUI/menu_tab_disabled_box.png" type="Texture" id=8]

[sub_resource type="DynamicFont" id=2]
font_data = ExtResource( 2 )

[sub_resource type="DynamicFont" id=1]
font_data = ExtResource( 2 )

[node name="root_skill_tree" type="Node2D"]
material = ExtResource( 1 )
script = ExtResource( 3 )

[node name="tween" type="Tween" parent="."]

[node name="tabs" type="Node2D" parent="."]

[node name="physical_button" type="TextureButton" parent="tabs"]
margin_left = 33.0
margin_top = 4.0
margin_right = 89.0
margin_bottom = 27.0
texture_normal = ExtResource( 6 )
texture_hover = ExtResource( 7 )
texture_disabled = ExtResource( 8 )
flip_v = true
__meta__ = {
"_edit_group_": true
}

[node name="label" type="Label" parent="tabs/physical_button"]
margin_top = 2.0
margin_right = 53.0
margin_bottom = 21.0
custom_colors/font_color = Color( 0, 0, 0, 1 )
custom_fonts/font = SubResource( 2 )
text = "Physical"
align = 1

[node name="magical_button" type="TextureButton" parent="tabs"]
margin_left = 86.0
margin_top = 4.0
margin_right = 142.0
margin_bottom = 27.0
texture_normal = ExtResource( 6 )
texture_hover = ExtResource( 7 )
texture_disabled = ExtResource( 8 )
flip_v = true
__meta__ = {
"_edit_group_": true
}

[node name="label" type="Label" parent="tabs/magical_button"]
margin_top = 2.0
margin_right = 53.0
margin_bottom = 21.0
custom_colors/font_color = Color( 0, 0, 0, 1 )
custom_fonts/font = SubResource( 2 )
text = "Magical"
align = 1

[node name="school_button" type="TextureButton" parent="tabs"]
margin_left = 139.0
margin_top = 4.0
margin_right = 195.0
margin_bottom = 27.0
texture_normal = ExtResource( 6 )
texture_hover = ExtResource( 7 )
texture_disabled = ExtResource( 8 )
flip_v = true
__meta__ = {
"_edit_group_": true
}

[node name="label" type="Label" parent="tabs/school_button"]
margin_top = 2.0
margin_right = 53.0
margin_bottom = 21.0
custom_colors/font_color = Color( 0, 0, 0, 1 )
custom_fonts/font = SubResource( 2 )
text = "School"
align = 1

[node name="physical_tree" parent="." instance=ExtResource( 5 )]

[node name="magical_tree" parent="." instance=ExtResource( 5 )]

[node name="school_tree" parent="." instance=ExtResource( 5 )]

[node name="edges" type="Node2D" parent="."]

[node name="vertices" type="Node2D" parent="."]

[node name="subclasses" type="Node2D" parent="."]

[node name="popups" type="Node2D" parent="."]
z_index = 1

[node name="note" type="Node2D" parent="."]
position = Vector2( 6, 180 )
__meta__ = {
"_edit_group_": true,
"_edit_lock_": true
}

[node name="note" type="Sprite" parent="note"]
scale = Vector2( 1.4, 1 )
texture = ExtResource( 4 )
centered = false

[node name="label" type="Label" parent="note"]
margin_left = 2.0
margin_right = 129.0
margin_bottom = 14.0
custom_colors/font_color = Color( 0, 0, 0, 1 )
custom_fonts/font = SubResource( 1 )
text = "school (subclass)"

[connection signal="visibility_changed" from="." to="." method="_on_root_skill_tree_visibility_changed"]
[connection signal="pressed" from="tabs/physical_button" to="." method="_on_physical_button_pressed"]
[connection signal="pressed" from="tabs/magical_button" to="." method="_on_magical_button_pressed"]
[connection signal="pressed" from="tabs/school_button" to="." method="_on_school_button_pressed"]
